Date,Description,Reference_No,Withdrawal,Deposit,Balance
2024-04-01,NEFT-PETROCHEM-EXPORT,NEFT378289,,559179424.61,150559179424.61
2024-04-01,RTGS-JIO-TELECOM-REVENUE,RTGS132880,,3310520293.17,153869699717.78
2024-04-01,RTGS-JIO-TELECOM-REVENUE,RTGS804462,,2802475894.35,156672175612.13
2024-04-01,NEFT-RETAIL-STORE-DEPOSIT,NEFT171945,,3396281639.81,160068457251.94
2024-04-02,NEFT-RETAIL-STORE-DEPOSIT,NEFT275200,,4073434322.22,164141891574.16
2024-04-02,PAYROLL-AND-OPERATIONS,PAYROLL865477,1595749234.42,,162546142339.74
2024-04-02,PAYROLL-AND-OPERATIONS,PAYROLL306021,984341776.03,,161561800563.71
2024-04-02,TAX-OUTFLOW-ADVANCE,TAX601016,1507147060.57,,160054653503.13998
2024-04-02,RTGS-JIO-TELECOM-REVENUE,RTGS374849,,4624169982.37,164678823485.50998
2024-04-02,RTGS-JIO-TELECOM-REVENUE,RTGS231255,,808352604.0,165487176089.50998
2024-04-02,NEFT-RETAIL-STORE-DEPOSIT,NEFT579462,,3078465122.48,168565641211.99
2024-04-03,NEFT-PETROCHEM-EXPORT,NEFT471619,,1340207026.62,169905848238.61
2024-04-03,PAYROLL-AND-OPERATIONS,PAYROLL568117,1552962856.78,,168352885381.83
2024-04-03,VENDOR-PAYMENT-CRUDE-OIL,VENDOR670647,1055825829.32,,167297059552.50998
2024-04-03,NEFT-RETAIL-STORE-DEPOSIT,NEFT105656,,4673137665.36,171970197217.86996
2024-04-03,NEFT-RETAIL-STORE-DEPOSIT,NEFT403850,,1950764082.63,173920961300.49997
2024-04-03,PAYROLL-AND-OPERATIONS,PAYROLL618049,1004454389.04,,172916506911.45996
2024-04-03,NEFT-PETROCHEM-EXPORT,NEFT446089,,3810878016.34,176727384927.79996
2024-04-03,PAYROLL-AND-OPERATIONS,PAYROLL297414,388789565.65,,176338595362.14996
2024-04-03,NEFT-PETROCHEM-EXPORT,NEFT785337,,2404604266.97,178743199629.11996
2024-04-03,NEFT-PETROCHEM-EXPORT,NEFT573722,,3292132492.16,182035332121.27997
2024-04-03,TAX-OUTFLOW-ADVANCE,TAX559821,508730984.21,,181526601137.06998
2024-04-04,VENDOR-PAYMENT-CRUDE-OIL,VENDOR880631,943694682.96,,180582906454.11
2024-04-04,NEFT-PETROCHEM-EXPORT,NEFT755965,,4830992694.63,185413899148.74
2024-04-04,NEFT-PETROCHEM-EXPORT,NEFT769802,,820168135.29,186234067284.03
2024-04-05,NEFT-PETROCHEM-EXPORT,NEFT211941,,1099212076.84,187333279360.87
2024-04-05,RTGS-JIO-TELECOM-REVENUE,RTGS415332,,835404998.82,188168684359.69
2024-04-05,NEFT-PETROCHEM-EXPORT,NEFT824679,,3981210344.72,192149894704.41
2024-04-05,RTGS-JIO-TELECOM-REVENUE,RTGS253513,,4215714605.37,196365609309.78
2024-04-05,TAX-OUTFLOW-ADVANCE,TAX722927,304453964.3,,196061155345.48
2024-04-06,VENDOR-PAYMENT-CRUDE-OIL,VENDOR542233,604160348.45,,195456994997.03
2024-04-06,NEFT-PETROCHEM-EXPORT,NEFT720124,,4349755865.26,199806750862.29
2024-04-06,RTGS-JIO-TELECOM-REVENUE,RTGS502131,,2115004571.88,201921755434.17
2024-04-06,TAX-OUTFLOW-ADVANCE,TAX381064,637661700.83,,201284093733.34003
2024-04-07,TAX-OUTFLOW-ADVANCE,TAX941684,1697206831.51,,199586886901.83002
2024-04-07,VENDOR-PAYMENT-CRUDE-OIL,VENDOR477159,1672419088.56,,197914467813.27002
2024-04-07,PAYROLL-AND-OPERATIONS,PAYROLL957424,1350224183.71,,196564243629.56003
2024-04-07,NEFT-RETAIL-STORE-DEPOSIT,NEFT984171,,4811953157.43,201376196786.99002
2024-04-07,VENDOR-PAYMENT-CRUDE-OIL,VENDOR529647,389583019.44,,200986613767.55002
2024-04-07,PAYROLL-AND-OPERATIONS,PAYROLL911365,306678495.32,,200679935272.23
2024-04-07,TAX-OUTFLOW-ADVANCE,TAX524821,1872923431.85,,198807011840.38
2024-04-08,TAX-OUTFLOW-ADVANCE,TAX319759,321780354.27,,198485231486.11002
2024-04-08,NEFT-PETROCHEM-EXPORT,NEFT442233,,3588780583.24,202074012069.35
2024-04-08,RTGS-JIO-TELECOM-REVENUE,RTGS457530,,4448050671.51,206522062740.86002
2024-04-08,RTGS-JIO-TELECOM-REVENUE,RTGS160007,,1725638016.46,208247700757.32
2024-04-08,NEFT-RETAIL-STORE-DEPOSIT,NEFT874257,,1888301016.85,210136001774.17
2024-04-08,VENDOR-PAYMENT-CRUDE-OIL,VENDOR317277,1018251252.05,,209117750522.12003
2024-04-08,VENDOR-PAYMENT-CRUDE-OIL,VENDOR913701,1623916567.11,,207493833955.01004
2024-04-08,NEFT-RETAIL-STORE-DEPOSIT,NEFT407195,,4687074746.91,212180908701.92004
2024-04-08,TAX-OUTFLOW-ADVANCE,TAX175022,1938622446.58,,210242286255.34006
2024-04-08,NEFT-RETAIL-STORE-DEPOSIT,NEFT466722,,2704509833.71,212946796089.05005
2024-04-08,NEFT-RETAIL-STORE-DEPOSIT,NEFT769896,,722387873.74,213669183962.79004
2024-04-09,TAX-OUTFLOW-ADVANCE,TAX274828,992994206.73,,212676189756.06003
2024-04-09,PAYROLL-AND-OPERATIONS,PAYROLL299035,655561285.19,,212020628470.87003
2024-04-09,TAX-OUTFLOW-ADVANCE,TAX713517,1419151182.16,,210601477288.71002
2024-04-09,NEFT-PETROCHEM-EXPORT,NEFT259985,,1481288883.45,212082766172.16003
2024-04-09,RTGS-JIO-TELECOM-REVENUE,RTGS305339,,3721499805.98,215804265978.14005
2024-04-09,PAYROLL-AND-OPERATIONS,PAYROLL174643,672213455.22,,215132052522.92004
2024-04-09,NEFT-RETAIL-STORE-DEPOSIT,NEFT516294,,3248734792.43,218380787315.35004
2024-04-10,NEFT-RETAIL-STORE-DEPOSIT,NEFT211447,,2940833522.81,221321620838.16003
2024-04-10,NEFT-PETROCHEM-EXPORT,NEFT605127,,554302948.65,221875923786.81003
2024-04-10,NEFT-PETROCHEM-EXPORT,NEFT867863,,2268579435.63,224144503222.44003
2024-04-10,PAYROLL-AND-OPERATIONS,PAYROLL980401,1279927133.87,,222864576088.57004
2024-04-10,PAYROLL-AND-OPERATIONS,PAYROLL923686,333046741.44,,222531529347.13004
2024-04-10,NEFT-PETROCHEM-EXPORT,NEFT644745,,3382082184.72,225913611531.85004
2024-04-11,VENDOR-PAYMENT-CRUDE-OIL,VENDOR357215,1288072937.47,,224625538594.38004
2024-04-11,PAYROLL-AND-OPERATIONS,PAYROLL868186,931405133.31,,223694133461.07004
2024-04-11,NEFT-PETROCHEM-EXPORT,NEFT197003,,1218711384.0,224912844845.07004
2024-04-11,RTGS-JIO-TELECOM-REVENUE,RTGS549948,,3132047484.32,228044892329.39005
2024-04-11,RTGS-JIO-TELECOM-REVENUE,RTGS128038,,3252989208.26,231297881537.65005
2024-04-11,NEFT-RETAIL-STORE-DEPOSIT,NEFT509633,,2530161467.93,233828043005.58005
2024-04-12,PAYROLL-AND-OPERATIONS,PAYROLL184610,1002370564.63,,232825672440.95004
2024-04-12,RTGS-JIO-TELECOM-REVENUE,RTGS454532,,878737600.03,233704410040.98004
2024-04-12,RTGS-JIO-TELECOM-REVENUE,RTGS748989,,2618349582.94,236322759623.92004
2024-04-12,VENDOR-PAYMENT-CRUDE-OIL,VENDOR161015,1616889383.45,,234705870240.47003
2024-04-12,NEFT-RETAIL-STORE-DEPOSIT,NEFT610296,,4732360122.13,239438230362.60004
2024-04-12,NEFT-PETROCHEM-EXPORT,NEFT204576,,4503020888.17,243941251250.77005
2024-04-12,TAX-OUTFLOW-ADVANCE,TAX557967,1777504756.26,,242163746494.51004
2024-04-12,NEFT-PETROCHEM-EXPORT,NEFT906432,,3303373632.39,245467120126.90005
2024-04-12,RTGS-JIO-TELECOM-REVENUE,RTGS654927,,1876821200.15,247343941327.05005
2024-04-12,NEFT-PETROCHEM-EXPORT,NEFT428261,,1120252821.94,248464194148.99005
2024-04-12,TAX-OUTFLOW-ADVANCE,TAX494643,455297150.15,,248008896998.84006
2024-04-12,PAYROLL-AND-OPERATIONS,PAYROLL975668,1568763532.27,,246440133466.57007
2024-04-13,RTGS-JIO-TELECOM-REVENUE,RTGS422994,,3800061965.16,250240195431.73007
2024-04-13,NEFT-RETAIL-STORE-DEPOSIT,NEFT383515,,4346037999.05,254586233430.78006
2024-04-14,TAX-OUTFLOW-ADVANCE,TAX680378,1919152403.03,,252667081027.75006
2024-04-14,NEFT-PETROCHEM-EXPORT,NEFT973859,,3756392649.84,256423473677.59006
2024-04-14,RTGS-JIO-TELECOM-REVENUE,RTGS668838,,2710185793.24,259133659470.83005
2024-04-14,RTGS-JIO-TELECOM-REVENUE,RTGS994179,,4665201232.37,263798860703.20004
2024-04-14,TAX-OUTFLOW-ADVANCE,TAX191093,1257728864.98,,262541131838.22003
2024-04-15,PAYROLL-AND-OPERATIONS,PAYROLL122281,1935945480.35,,260605186357.87003
2024-04-15,VENDOR-PAYMENT-CRUDE-OIL,VENDOR415510,1007886337.71,,259597300020.16003
2024-04-15,VENDOR-PAYMENT-CRUDE-OIL,VENDOR366746,300244564.91,,259297055455.25003
2024-04-15,NEFT-RETAIL-STORE-DEPOSIT,NEFT719593,,2421269731.55,261718325186.80002
2024-04-15,RTGS-JIO-TELECOM-REVENUE,RTGS859835,,4499306900.04,266217632086.84003
2024-04-16,TAX-OUTFLOW-ADVANCE,TAX804272,1461568324.72,,264756063762.12003
2024-04-16,RTGS-JIO-TELECOM-REVENUE,RTGS985861,,2986438196.6,267742501958.72003
2024-04-16,TAX-OUTFLOW-ADVANCE,TAX296203,430161078.68,,267312340880.04004
2024-04-16,TAX-OUTFLOW-ADVANCE,TAX806411,1153456683.84,,266158884196.20004
2024-04-16,VENDOR-PAYMENT-CRUDE-OIL,VENDOR353189,659312602.4,,265499571593.80005
2024-04-16,NEFT-PETROCHEM-EXPORT,NEFT233457,,4342061881.6,269841633475.40005
2024-04-16,PAYROLL-AND-OPERATIONS,PAYROLL574810,1279121610.63,,268562511864.77005
2024-04-16,NEFT-RETAIL-STORE-DEPOSIT,NEFT745151,,3776574614.04,272339086478.81006
2024-04-17,NEFT-PETROCHEM-EXPORT,NEFT199235,,4978475672.18,277317562150.99005
2024-04-17,VENDOR-PAYMENT-CRUDE-OIL,VENDOR314661,1495444739.11,,275822117411.88007
2024-04-17,TAX-OUTFLOW-ADVANCE,TAX281616,1048474357.53,,274773643054.35007
2024-04-17,RTGS-JIO-TELECOM-REVENUE,RTGS492475,,4044735091.35,278818378145.7001
2024-04-17,NEFT-PETROCHEM-EXPORT,NEFT345953,,980039541.87,279798417687.57007
2024-04-17,NEFT-RETAIL-STORE-DEPOSIT,NEFT118313,,2527786039.79,282326203727.36005
2024-04-17,NEFT-RETAIL-STORE-DEPOSIT,NEFT969009,,3314228294.69,285640432022.05005
2024-04-17,NEFT-PETROCHEM-EXPORT,NEFT951056,,3951294448.6,289591726470.65
2024-04-17,RTGS-JIO-TELECOM-REVENUE,RTGS873633,,994135488.4,290585861959.05005
2024-04-17,RTGS-JIO-TELECOM-REVENUE,RTGS934901,,1377451052.55,291963313011.60004
2024-04-18,PAYROLL-AND-OPERATIONS,PAYROLL979105,1000172943.96,,290963140067.64
2024-04-18,PAYROLL-AND-OPERATIONS,PAYROLL178844,1927283148.34,,289035856919.3
2024-04-18,VENDOR-PAYMENT-CRUDE-OIL,VENDOR288219,1825442709.99,,287210414209.31
2024-04-18,RTGS-JIO-TELECOM-REVENUE,RTGS604222,,4384229424.28,291594643633.59
2024-04-18,NEFT-PETROCHEM-EXPORT,NEFT167151,,839355054.54,292433998688.13
2024-04-18,TAX-OUTFLOW-ADVANCE,TAX819088,937701210.3,,291496297477.83
2024-04-18,VENDOR-PAYMENT-CRUDE-OIL,VENDOR992616,1386733696.75,,290109563781.08
2024-04-18,PAYROLL-AND-OPERATIONS,PAYROLL354345,996826955.88,,289112736825.2
2024-04-19,NEFT-RETAIL-STORE-DEPOSIT,NEFT711527,,2548627630.73,291661364455.93
2024-04-19,NEFT-RETAIL-STORE-DEPOSIT,NEFT872290,,4658099646.67,296319464102.6
2024-04-19,RTGS-JIO-TELECOM-REVENUE,RTGS534844,,1191471668.58,297510935771.18
2024-04-19,TAX-OUTFLOW-ADVANCE,TAX180233,1106922322.29,,296404013448.89
2024-04-19,VENDOR-PAYMENT-CRUDE-OIL,VENDOR330960,498293825.1,,295905719623.79004
2024-04-19,NEFT-RETAIL-STORE-DEPOSIT,NEFT777360,,1428489631.94,297334209255.73004
2024-04-20,NEFT-RETAIL-STORE-DEPOSIT,NEFT150930,,3551074596.82,300885283852.55005
2024-04-20,PAYROLL-AND-OPERATIONS,PAYROLL430959,630746324.54,,300254537528.0101
2024-04-20,VENDOR-PAYMENT-CRUDE-OIL,VENDOR282022,980861036.36,,299273676491.6501
2024-04-20,PAYROLL-AND-OPERATIONS,PAYROLL761062,1172845808.42,,298100830683.2301
2024-04-20,VENDOR-PAYMENT-CRUDE-OIL,VENDOR614526,1733765755.67,,296367064927.5601
2024-04-20,TAX-OUTFLOW-ADVANCE,TAX935370,1936841882.51,,294430223045.0501
2024-04-20,NEFT-PETROCHEM-EXPORT,NEFT453054,,4883150500.17,299313373545.2201
2024-04-20,PAYROLL-AND-OPERATIONS,PAYROLL338695,1852797145.0,,297460576400.2201
2024-04-20,RTGS-JIO-TELECOM-REVENUE,RTGS190797,,4009243589.63,301469819989.8501
2024-04-21,VENDOR-PAYMENT-CRUDE-OIL,VENDOR351208,808964852.98,,300660855136.8701
2024-04-21,RTGS-JIO-TELECOM-REVENUE,RTGS529131,,4198151653.08,304859006789.95013
2024-04-21,PAYROLL-AND-OPERATIONS,PAYROLL371786,1605068214.73,,303253938575.22015
2024-04-21,NEFT-PETROCHEM-EXPORT,NEFT504974,,3822660197.52,307076598772.7402
2024-04-21,TAX-OUTFLOW-ADVANCE,TAX990773,401888588.3,,306674710184.4402
2024-04-21,NEFT-RETAIL-STORE-DEPOSIT,NEFT722851,,4631376443.14,311306086627.5802
2024-04-21,PAYROLL-AND-OPERATIONS,PAYROLL417534,1459985187.49,,309846101440.0902
2024-04-21,TAX-OUTFLOW-ADVANCE,TAX346182,1922115605.66,,307923985834.43024
2024-04-22,VENDOR-PAYMENT-CRUDE-OIL,VENDOR678068,1780495338.8,,306143490495.63025
2024-04-22,RTGS-JIO-TELECOM-REVENUE,RTGS682470,,2518121427.21,308661611922.8403
2024-04-22,PAYROLL-AND-OPERATIONS,PAYROLL383322,420771186.29,,308240840736.5503
2024-04-22,VENDOR-PAYMENT-CRUDE-OIL,VENDOR116064,1770155096.52,,306470685640.0303
2024-04-22,TAX-OUTFLOW-ADVANCE,TAX222231,1083678578.22,,305387007061.8103
2024-04-22,PAYROLL-AND-OPERATIONS,PAYROLL203928,738272955.13,,304648734106.6803
2024-04-23,VENDOR-PAYMENT-CRUDE-OIL,VENDOR939335,1654175029.07,,302994559077.6103
2024-04-23,RTGS-JIO-TELECOM-REVENUE,RTGS317245,,869652581.37,303864211658.9803
2024-04-23,TAX-OUTFLOW-ADVANCE,TAX724342,1537494721.35,,302326716937.6303
2024-04-23,NEFT-PETROCHEM-EXPORT,NEFT432090,,2341357746.97,304668074684.6003
2024-04-23,VENDOR-PAYMENT-CRUDE-OIL,VENDOR277812,1101700235.78,,303566374448.82025
2024-04-23,NEFT-RETAIL-STORE-DEPOSIT,NEFT250434,,4360702340.03,307927076788.8503
2024-04-23,VENDOR-PAYMENT-CRUDE-OIL,VENDOR543896,970947523.27,,306956129265.58026
2024-04-23,NEFT-RETAIL-STORE-DEPOSIT,NEFT289735,,3894908611.9,310851037877.4803
2024-04-24,NEFT-RETAIL-STORE-DEPOSIT,NEFT704239,,993359247.56,311844397125.0403
2024-04-24,TAX-OUTFLOW-ADVANCE,TAX822268,769558858.44,,311074838266.6003
2024-04-24,PAYROLL-AND-OPERATIONS,PAYROLL629152,1091291911.54,,309983546355.0603
2024-04-24,PAYROLL-AND-OPERATIONS,PAYROLL153202,1075049431.89,,308908496923.1703
2024-04-24,VENDOR-PAYMENT-CRUDE-OIL,VENDOR227303,1577301137.36,,307331195785.8103
2024-04-25,RTGS-JIO-TELECOM-REVENUE,RTGS929422,,2855174940.08,310186370725.8903
2024-04-25,NEFT-PETROCHEM-EXPORT,NEFT472654,,1898104692.57,312084475418.4603
2024-04-25,VENDOR-PAYMENT-CRUDE-OIL,VENDOR174431,1198404607.27,,310886070811.1903
2024-04-25,PAYROLL-AND-OPERATIONS,PAYROLL519076,1363689555.76,,309522381255.4303
2024-04-25,PAYROLL-AND-OPERATIONS,PAYROLL715522,1022957782.62,,308499423472.8103
2024-04-25,VENDOR-PAYMENT-CRUDE-OIL,VENDOR169653,474361836.9,,308025061635.9103
2024-04-25,PAYROLL-AND-OPERATIONS,PAYROLL976699,796848703.86,,307228212932.0503
2024-04-25,TAX-OUTFLOW-ADVANCE,TAX877502,1713726301.06,,305514486630.9903
2024-04-25,PAYROLL-AND-OPERATIONS,PAYROLL558587,1938974443.17,,303575512187.8203
2024-04-25,RTGS-JIO-TELECOM-REVENUE,RTGS982243,,2148719849.52,305724232037.34033
2024-04-25,RTGS-JIO-TELECOM-REVENUE,RTGS139852,,3855451786.19,309579683823.53033
2024-04-25,RTGS-JIO-TELECOM-REVENUE,RTGS514828,,4845743006.98,314425426830.5103
2024-04-25,TAX-OUTFLOW-ADVANCE,TAX159821,545296287.75,,313880130542.7603
2024-04-26,NEFT-PETROCHEM-EXPORT,NEFT149831,,1961175875.32,315841306418.0803
2024-04-26,TAX-OUTFLOW-ADVANCE,TAX116463,1438767210.15,,314402539207.9303
2024-04-26,TAX-OUTFLOW-ADVANCE,TAX173439,465261486.74,,313937277721.1903
2024-04-26,VENDOR-PAYMENT-CRUDE-OIL,VENDOR704900,314963047.79,,313622314673.4003
2024-04-26,VENDOR-PAYMENT-CRUDE-OIL,VENDOR802893,1673630778.4,,311948683895.0003
2024-04-27,VENDOR-PAYMENT-CRUDE-OIL,VENDOR999394,1627700395.82,,310320983499.1803
2024-04-27,NEFT-RETAIL-STORE-DEPOSIT,NEFT728106,,2687312082.78,313008295581.9603
2024-04-27,NEFT-RETAIL-STORE-DEPOSIT,NEFT583623,,576641242.42,313584936824.3803
2024-04-27,VENDOR-PAYMENT-CRUDE-OIL,VENDOR643768,1418403676.95,,312166533147.4303
2024-04-28,NEFT-RETAIL-STORE-DEPOSIT,NEFT430407,,4174477886.98,316341011034.4103
2024-04-28,TAX-OUTFLOW-ADVANCE,TAX786408,352641643.18,,315988369391.2303
2024-04-28,RTGS-JIO-TELECOM-REVENUE,RTGS918785,,2433869162.31,318422238553.5403
2024-04-28,VENDOR-PAYMENT-CRUDE-OIL,VENDOR133067,1388773485.61,,317033465067.9303
2024-04-28,VENDOR-PAYMENT-CRUDE-OIL,VENDOR227372,1638493455.59,,315394971612.3403
2024-04-28,TAX-OUTFLOW-ADVANCE,TAX665131,1714474591.43,,313680497020.9103
2024-04-29,TAX-OUTFLOW-ADVANCE,TAX662222,657701682.9,,313022795338.01025
2024-04-29,RTGS-JIO-TELECOM-REVENUE,RTGS332655,,1875531644.99,314898326983.00024
2024-04-29,VENDOR-PAYMENT-CRUDE-OIL,VENDOR698298,1156036650.76,,313742290332.24023
2024-04-29,NEFT-RETAIL-STORE-DEPOSIT,NEFT468252,,982159294.19,314724449626.43024
2024-04-29,VENDOR-PAYMENT-CRUDE-OIL,VENDOR202143,1072509777.15,,313651939849.2802
2024-04-29,VENDOR-PAYMENT-CRUDE-OIL,VENDOR174021,1697549904.3,,311954389944.9802
2024-04-29,RTGS-JIO-TELECOM-REVENUE,RTGS902052,,4781088573.88,316735478518.8602
2024-04-29,RTGS-JIO-TELECOM-REVENUE,RTGS144560,,1073955912.96,317809434431.82025
2024-04-30,NEFT-RETAIL-STORE-DEPOSIT,NEFT150054,,4106704811.15,321916139242.9703
2024-04-30,PAYROLL-AND-OPERATIONS,PAYROLL665240,1291660503.4,,320624478739.57025
2024-04-30,RTGS-JIO-TELECOM-REVENUE,RTGS232365,,4039693573.77,324664172313.3403
2024-04-30,PAYROLL-AND-OPERATIONS,PAYROLL260756,969607160.92,,323694565152.4203
2024-04-30,NEFT-RETAIL-STORE-DEPOSIT,NEFT688565,,1654133121.06,325348698273.4803
2024-04-30,NEFT-PETROCHEM-EXPORT,NEFT893015,,1782581736.27,327131280009.7503
2024-05-01,RTGS-JIO-TELECOM-REVENUE,RTGS933100,,4215848785.84,331347128795.59033
2024-05-01,RTGS-JIO-TELECOM-REVENUE,RTGS891787,,4191625289.29,335538754084.8803
2024-05-01,VENDOR-PAYMENT-CRUDE-OIL,VENDOR361436,936624788.15,,334602129296.7303
2024-05-01,TAX-OUTFLOW-ADVANCE,TAX743437,1397812914.21,,333204316382.52026
2024-05-01,VENDOR-PAYMENT-CRUDE-OIL,VENDOR830628,655081778.03,,332549234604.49023
2024-05-02,RTGS-JIO-TELECOM-REVENUE,RTGS365635,,2498717832.66,335047952437.1502
2024-05-02,NEFT-PETROCHEM-EXPORT,NEFT486759,,3126010417.27,338173962854.4202
2024-05-02,RTGS-JIO-TELECOM-REVENUE,RTGS563538,,3016743323.58,341190706178.00024
2024-05-03,TAX-OUTFLOW-ADVANCE,TAX430597,1936169743.98,,339254536434.02026
2024-05-03,TAX-OUTFLOW-ADVANCE,TAX796597,1129208395.25,,338125328038.77026
2024-05-03,NEFT-RETAIL-STORE-DEPOSIT,NEFT798714,,4343900511.34,342469228550.1103
2024-05-03,VENDOR-PAYMENT-CRUDE-OIL,VENDOR586506,1212134268.4,,341257094281.71027
2024-05-03,TAX-OUTFLOW-ADVANCE,TAX250024,1385097408.41,,339871996873.3003
2024-05-03,NEFT-RETAIL-STORE-DEPOSIT,NEFT940962,,4331021597.95,344203018471.2503
2024-05-03,PAYROLL-AND-OPERATIONS,PAYROLL774323,1525822535.39,,342677195935.8603
2024-05-03,NEFT-RETAIL-STORE-DEPOSIT,NEFT185776,,4037852307.55,346715048243.4103
2024-05-03,TAX-OUTFLOW-ADVANCE,TAX271712,485414242.34,,346229634001.07025
2024-05-03,PAYROLL-AND-OPERATIONS,PAYROLL863043,910566276.75,,345319067724.32025
2024-05-03,NEFT-PETROCHEM-EXPORT,NEFT610644,,1670519190.47,346989586914.7902
2024-05-04,PAYROLL-AND-OPERATIONS,PAYROLL542408,949262549.4,,346040324365.3902
2024-05-04,NEFT-RETAIL-STORE-DEPOSIT,NEFT133436,,4048204951.43,350088529316.8202
2024-05-04,TAX-OUTFLOW-ADVANCE,TAX864762,701976120.15,,349386553196.67017
2024-05-04,VENDOR-PAYMENT-CRUDE-OIL,VENDOR812469,1616845536.6,,347769707660.0702
2024-05-04,RTGS-JIO-TELECOM-REVENUE,RTGS714029,,2059567554.1,349829275214.17017
2024-05-04,PAYROLL-AND-OPERATIONS,PAYROLL941263,983028962.35,,348846246251.8202
2024-05-05,NEFT-PETROCHEM-EXPORT,NEFT924059,,1261229410.06,350107475661.8802
2024-05-05,NEFT-RETAIL-STORE-DEPOSIT,NEFT255059,,4128178957.11,354235654618.9902
2024-05-05,TAX-OUTFLOW-ADVANCE,TAX623092,847909133.41,,353387745485.5802
2024-05-05,VENDOR-PAYMENT-CRUDE-OIL,VENDOR630446,321800561.3,,353065944924.2802
2024-05-05,VENDOR-PAYMENT-CRUDE-OIL,VENDOR389330,682439339.58,,352383505584.7002
2024-05-05,VENDOR-PAYMENT-CRUDE-OIL,VENDOR427064,1240575032.71,,351142930551.9902
2024-05-05,NEFT-RETAIL-STORE-DEPOSIT,NEFT755361,,1405544193.91,352548474745.90015
2024-05-05,TAX-OUTFLOW-ADVANCE,TAX540425,1628868105.46,,350919606640.4401
2024-05-05,TAX-OUTFLOW-ADVANCE,TAX149022,1942897348.73,,348976709291.71014
2024-05-05,RTGS-JIO-TELECOM-REVENUE,RTGS947391,,3068079586.39,352044788878.10016
2024-05-06,VENDOR-PAYMENT-CRUDE-OIL,VENDOR894470,880831074.26,,351163957803.84015
2024-05-06,TAX-OUTFLOW-ADVANCE,TAX204771,1160091314.08,,350003866489.76013
2024-05-06,TAX-OUTFLOW-ADVANCE,TAX228461,1709097438.41,,348294769051.35016
2024-05-06,NEFT-RETAIL-STORE-DEPOSIT,NEFT678140,,2367555634.87,350662324686.22015
2024-05-06,TAX-OUTFLOW-ADVANCE,TAX419724,1905930640.86,,348756394045.36017
2024-05-06,NEFT-RETAIL-STORE-DEPOSIT,NEFT376807,,4011775377.17,352768169422.53015
2024-05-06,TAX-OUTFLOW-ADVANCE,TAX523515,702806367.35,,352065363055.1802
2024-05-06,NEFT-PETROCHEM-EXPORT,NEFT383774,,3988300309.84,356053663365.0202
2024-05-06,RTGS-JIO-TELECOM-REVENUE,RTGS937182,,3629332356.05,359682995721.0702
2024-05-06,RTGS-JIO-TELECOM-REVENUE,RTGS678189,,1879230321.83,361562226042.9002
2024-05-06,VENDOR-PAYMENT-CRUDE-OIL,VENDOR649176,1885437396.26,,359676788646.6402
2024-05-06,PAYROLL-AND-OPERATIONS,PAYROLL977820,1074528114.35,,358602260532.2902
2024-05-06,NEFT-RETAIL-STORE-DEPOSIT,NEFT707425,,2973059248.09,361575319780.38025
2024-05-07,TAX-OUTFLOW-ADVANCE,TAX354936,487625453.31,,361087694327.07025
2024-05-07,RTGS-JIO-TELECOM-REVENUE,RTGS881679,,3993434606.24,365081128933.31024
2024-05-07,VENDOR-PAYMENT-CRUDE-OIL,VENDOR783760,1336240964.01,,363744887969.30023
2024-05-07,VENDOR-PAYMENT-CRUDE-OIL,VENDOR367347,755243631.67,,362989644337.63025
2024-05-07,NEFT-PETROCHEM-EXPORT,NEFT846754,,3276123518.19,366265767855.82025
2024-05-07,VENDOR-PAYMENT-CRUDE-OIL,VENDOR857464,805309101.97,,365460458753.8503
2024-05-07,TAX-OUTFLOW-ADVANCE,TAX296044,1598933856.9,,363861524896.95026
2024-05-07,TAX-OUTFLOW-ADVANCE,TAX731913,521879439.14,,363339645457.81024
2024-05-08,RTGS-JIO-TELECOM-REVENUE,RTGS133578,,1221260616.89,364560906074.70026
2024-05-08,PAYROLL-AND-OPERATIONS,PAYROLL263721,1990101039.48,,362570805035.2203
2024-05-08,TAX-OUTFLOW-ADVANCE,TAX570317,1016255176.99,,361554549858.2303
2024-05-08,RTGS-JIO-TELECOM-REVENUE,RTGS197670,,4087653070.71,365642202928.9403
2024-05-08,NEFT-RETAIL-STORE-DEPOSIT,NEFT376561,,542898797.97,366185101726.9103
2024-05-08,TAX-OUTFLOW-ADVANCE,TAX375714,1968108100.71,,364216993626.20026
2024-05-08,VENDOR-PAYMENT-CRUDE-OIL,VENDOR697827,1338197543.3,,362878796082.90027
2024-05-08,NEFT-RETAIL-STORE-DEPOSIT,NEFT893383,,878884227.8,363757680310.70026
2024-05-09,PAYROLL-AND-OPERATIONS,PAYROLL173262,708405564.43,,363049274746.27026
2024-05-09,RTGS-JIO-TELECOM-REVENUE,RTGS927293,,1643204294.95,364692479041.2203
2024-05-09,RTGS-JIO-TELECOM-REVENUE,RTGS636258,,2941287477.7,367633766518.9203
2024-05-09,NEFT-RETAIL-STORE-DEPOSIT,NEFT127751,,1637347419.02,369271113937.9403
2024-05-09,NEFT-RETAIL-STORE-DEPOSIT,NEFT672190,,662439160.33,369933553098.2703
2024-05-09,VENDOR-PAYMENT-CRUDE-OIL,VENDOR706174,1865193299.75,,368068359798.5203
2024-05-09,PAYROLL-AND-OPERATIONS,PAYROLL953212,894687762.24,,367173672036.28033
2024-05-10,TAX-OUTFLOW-ADVANCE,TAX910431,529803619.74,,366643868416.54034
2024-05-10,NEFT-RETAIL-STORE-DEPOSIT,NEFT240044,,2824639223.39,369468507639.93036
2024-05-10,NEFT-RETAIL-STORE-DEPOSIT,NEFT593974,,1803411154.98,371271918794.91034
2024-05-10,TAX-OUTFLOW-ADVANCE,TAX283681,1315762913.62,,369956155881.29034
2024-05-11,VENDOR-PAYMENT-CRUDE-OIL,VENDOR372203,1380371775.25,,368575784106.04034
2024-05-11,VENDOR-PAYMENT-CRUDE-OIL,VENDOR376944,1593684236.34,,366982099869.7003
2024-05-11,VENDOR-PAYMENT-CRUDE-OIL,VENDOR487646,1438890636.27,,365543209233.4303
2024-05-11,PAYROLL-AND-OPERATIONS,PAYROLL176112,1535742437.43,,364007466796.0003
2024-05-11,TAX-OUTFLOW-ADVANCE,TAX709113,1908290202.02,,362099176593.9803
2024-05-11,VENDOR-PAYMENT-CRUDE-OIL,VENDOR731176,1462611091.05,,360636565502.9303
2024-05-12,VENDOR-PAYMENT-CRUDE-OIL,VENDOR197512,935071143.46,,359701494359.4703
2024-05-12,NEFT-RETAIL-STORE-DEPOSIT,NEFT482266,,4439139530.19,364140633889.6603
2024-05-12,NEFT-RETAIL-STORE-DEPOSIT,NEFT773941,,2339627300.19,366480261189.8503
2024-05-12,VENDOR-PAYMENT-CRUDE-OIL,VENDOR799762,1198649886.3,,365281611303.5503
2024-05-12,TAX-OUTFLOW-ADVANCE,TAX238027,1784661833.58,,363496949469.9703
2024-05-12,NEFT-RETAIL-STORE-DEPOSIT,NEFT117536,,4347270886.57,367844220356.5403
2024-05-13,RTGS-JIO-TELECOM-REVENUE,RTGS495119,,2927267239.52,370771487596.0603
2024-05-13,NEFT-RETAIL-STORE-DEPOSIT,NEFT438234,,3334928988.57,374106416584.6303
2024-05-13,VENDOR-PAYMENT-CRUDE-OIL,VENDOR217916,647729542.0,,373458687042.6303
2024-05-13,NEFT-RETAIL-STORE-DEPOSIT,NEFT493023,,3457220535.47,376915907578.1003
2024-05-13,NEFT-PETROCHEM-EXPORT,NEFT754993,,2934733020.04,379850640598.14026
2024-05-13,NEFT-PETROCHEM-EXPORT,NEFT744147,,618145743.31,380468786341.45026
2024-05-13,NEFT-PETROCHEM-EXPORT,NEFT734423,,4580856985.07,385049643326.52026
2024-05-13,PAYROLL-AND-OPERATIONS,PAYROLL986767,942349836.93,,384107293489.5903
2024-05-14,VENDOR-PAYMENT-CRUDE-OIL,VENDOR118371,924420906.57,,383182872583.02026
2024-05-14,TAX-OUTFLOW-ADVANCE,TAX295495,1877323476.9,,381305549106.12024
2024-05-14,RTGS-JIO-TELECOM-REVENUE,RTGS793642,,3636060019.81,384941609125.93024
2024-05-14,PAYROLL-AND-OPERATIONS,PAYROLL706421,528635648.54,,384412973477.39026
2024-05-14,VENDOR-PAYMENT-CRUDE-OIL,VENDOR176240,1715565420.53,,382697408056.8602
2024-05-14,TAX-OUTFLOW-ADVANCE,TAX177061,615911209.77,,382081496847.0902
2024-05-14,NEFT-PETROCHEM-EXPORT,NEFT505333,,2576436089.53,384657932936.62024
2024-05-14,NEFT-RETAIL-STORE-DEPOSIT,NEFT980712,,3679052960.85,388336985897.4702
2024-05-15,NEFT-RETAIL-STORE-DEPOSIT,NEFT933375,,1419458630.6,389756444528.0702
2024-05-15,NEFT-RETAIL-STORE-DEPOSIT,NEFT988636,,1472309239.34,391228753767.4102
2024-05-15,NEFT-RETAIL-STORE-DEPOSIT,NEFT404780,,1952019420.53,393180773187.94025
2024-05-15,TAX-OUTFLOW-ADVANCE,TAX893238,1030491707.39,,392150281480.55023
2024-05-15,VENDOR-PAYMENT-CRUDE-OIL,VENDOR472706,1452985604.74,,390697295875.81024
2024-05-16,RTGS-JIO-TELECOM-REVENUE,RTGS710265,,1589320884.56,392286616760.37024
2024-05-16,TAX-OUTFLOW-ADVANCE,TAX431575,688395918.22,,391598220842.15027
2024-05-16,NEFT-RETAIL-STORE-DEPOSIT,NEFT413530,,2242409884.32,393840630726.4703
2024-05-16,TAX-OUTFLOW-ADVANCE,TAX765943,1130703054.39,,392709927672.08026
2024-05-16,RTGS-JIO-TELECOM-REVENUE,RTGS500382,,3572690202.97,396282617875.05023
2024-05-16,NEFT-PETROCHEM-EXPORT,NEFT546363,,4958654129.35,401241272004.4002
2024-05-17,NEFT-RETAIL-STORE-DEPOSIT,NEFT277938,,935740395.97,402177012400.3702
2024-05-17,TAX-OUTFLOW-ADVANCE,TAX340213,1955252955.87,,400221759444.5002
2024-05-17,TAX-OUTFLOW-ADVANCE,TAX490577,1640561395.09,,398581198049.41016
2024-05-17,VENDOR-PAYMENT-CRUDE-OIL,VENDOR714462,1373949292.0,,397207248757.41016
2024-05-17,RTGS-JIO-TELECOM-REVENUE,RTGS508292,,4148622476.82,401355871234.23016
2024-05-17,NEFT-RETAIL-STORE-DEPOSIT,NEFT165424,,1441667023.36,402797538257.59015
2024-05-17,RTGS-JIO-TELECOM-REVENUE,RTGS173776,,2293842213.59,405091380471.1802
2024-05-17,PAYROLL-AND-OPERATIONS,PAYROLL581676,612234623.32,,404479145847.86017
2024-05-17,PAYROLL-AND-OPERATIONS,PAYROLL702949,935869354.36,,403543276493.5002
2024-05-17,NEFT-PETROCHEM-EXPORT,NEFT188787,,3973293034.4,407516569527.9002
2024-05-18,NEFT-RETAIL-STORE-DEPOSIT,NEFT115816,,2527397323.94,410043966851.8402
2024-05-18,RTGS-JIO-TELECOM-REVENUE,RTGS647596,,613871816.4,410657838668.24023
2024-05-18,TAX-OUTFLOW-ADVANCE,TAX399976,536552089.6,,410121286578.64026
2024-05-18,PAYROLL-AND-OPERATIONS,PAYROLL270990,1672244430.46,,408449042148.18024
2024-05-18,NEFT-RETAIL-STORE-DEPOSIT,NEFT776308,,2018518438.22,410467560586.4002
2024-05-19,RTGS-JIO-TELECOM-REVENUE,RTGS541054,,3176446859.36,413644007445.7602
2024-05-19,PAYROLL-AND-OPERATIONS,PAYROLL714881,1416116514.67,,412227890931.0902
2024-05-19,NEFT-PETROCHEM-EXPORT,NEFT358642,,4315396372.64,416543287303.7302
2024-05-19,NEFT-RETAIL-STORE-DEPOSIT,NEFT437645,,3505839740.88,420049127044.6102
2024-05-20,TAX-OUTFLOW-ADVANCE,TAX522076,1326082108.79,,418723044935.82025
2024-05-20,RTGS-JIO-TELECOM-REVENUE,RTGS996986,,3753616345.07,422476661280.89026
2024-05-20,NEFT-RETAIL-STORE-DEPOSIT,NEFT885790,,794163331.45,423270824612.3403
2024-05-20,NEFT-RETAIL-STORE-DEPOSIT,NEFT591832,,2104303899.12,425375128511.46027
2024-05-20,NEFT-PETROCHEM-EXPORT,NEFT646352,,3495597609.68,428870726121.14026
2024-05-20,PAYROLL-AND-OPERATIONS,PAYROLL526787,1103279146.36,,427767446974.7803
2024-05-20,NEFT-PETROCHEM-EXPORT,NEFT963317,,1278660398.16,429046107372.94025
2024-05-20,NEFT-RETAIL-STORE-DEPOSIT,NEFT283149,,2073580762.96,431119688135.90027
2024-05-20,NEFT-PETROCHEM-EXPORT,NEFT287431,,3627813724.04,434747501859.94025
2024-05-21,TAX-OUTFLOW-ADVANCE,TAX607276,1080391820.6,,433667110039.3403
2024-05-21,PAYROLL-AND-OPERATIONS,PAYROLL211854,567529751.62,,433099580287.7203
2024-05-21,VENDOR-PAYMENT-CRUDE-OIL,VENDOR988415,1453944287.71,,431645636000.01025
2024-05-21,NEFT-RETAIL-STORE-DEPOSIT,NEFT297367,,2015950540.28,433661586540.2903
2024-05-21,VENDOR-PAYMENT-CRUDE-OIL,VENDOR546250,1758519937.98,,431903066602.3103
2024-05-21,TAX-OUTFLOW-ADVANCE,TAX695633,350516254.93,,431552550347.3803
2024-05-21,VENDOR-PAYMENT-CRUDE-OIL,VENDOR948209,1488840265.87,,430063710081.5103
2024-05-22,NEFT-PETROCHEM-EXPORT,NEFT188395,,1106137137.1,431169847218.6103
2024-05-22,NEFT-RETAIL-STORE-DEPOSIT,NEFT112388,,3098601596.45,434268448815.0603
2024-05-22,NEFT-PETROCHEM-EXPORT,NEFT572344,,1425827007.47,435694275822.5303
2024-05-22,VENDOR-PAYMENT-CRUDE-OIL,VENDOR222671,1354595922.78,,434339679899.75024
2024-05-22,NEFT-PETROCHEM-EXPORT,NEFT791019,,630132357.16,434969812256.9102
2024-05-22,NEFT-RETAIL-STORE-DEPOSIT,NEFT309852,,1632233160.92,436602045417.8302
2024-05-22,PAYROLL-AND-OPERATIONS,PAYROLL171347,467887505.84,,436134157911.9902
2024-05-22,RTGS-JIO-TELECOM-REVENUE,RTGS823244,,732177618.28,436866335530.2702
2024-05-23,VENDOR-PAYMENT-CRUDE-OIL,VENDOR977990,555190860.18,,436311144670.0902
2024-05-23,VENDOR-PAYMENT-CRUDE-OIL,VENDOR864056,525571243.0,,435785573427.0902
2024-05-23,RTGS-JIO-TELECOM-REVENUE,RTGS199180,,3780171931.18,439565745358.2702
2024-05-23,NEFT-PETROCHEM-EXPORT,NEFT114089,,4564684957.66,444130430315.9302
2024-05-23,VENDOR-PAYMENT-CRUDE-OIL,VENDOR838409,377693101.67,,443752737214.2602
2024-05-23,PAYROLL-AND-OPERATIONS,PAYROLL117684,1033211043.02,,442719526171.2402
2024-05-24,TAX-OUTFLOW-ADVANCE,TAX544172,892958705.54,,441826567465.7002
2024-05-24,PAYROLL-AND-OPERATIONS,PAYROLL136192,847872341.72,,440978695123.9802
2024-05-24,PAYROLL-AND-OPERATIONS,PAYROLL266718,1908998412.52,,439069696711.4602
2024-05-24,TAX-OUTFLOW-ADVANCE,TAX471061,1655031308.06,,437414665403.4002
2024-05-25,RTGS-JIO-TELECOM-REVENUE,RTGS694833,,4351364133.23,441766029536.6302
2024-05-25,TAX-OUTFLOW-ADVANCE,TAX258250,1176313269.4,,440589716267.23016
2024-05-25,RTGS-JIO-TELECOM-REVENUE,RTGS544098,,2336274675.86,442925990943.09015
2024-05-25,NEFT-RETAIL-STORE-DEPOSIT,NEFT319853,,2720809729.76,445646800672.85016
2024-05-25,VENDOR-PAYMENT-CRUDE-OIL,VENDOR639470,1818566379.69,,443828234293.16016
2024-05-25,VENDOR-PAYMENT-CRUDE-OIL,VENDOR361574,1633478288.41,,442194756004.7502
2024-05-25,RTGS-JIO-TELECOM-REVENUE,RTGS172307,,3612198861.0,445806954865.7502
2024-05-25,RTGS-JIO-TELECOM-REVENUE,RTGS449987,,4441787797.27,450248742663.0202
2024-05-25,PAYROLL-AND-OPERATIONS,PAYROLL667781,1135665946.17,,449113076716.8502
2024-05-25,PAYROLL-AND-OPERATIONS,PAYROLL442237,1895924471.04,,447217152245.81024
2024-05-26,TAX-OUTFLOW-ADVANCE,TAX478973,638589250.47,,446578562995.3403
2024-05-26,PAYROLL-AND-OPERATIONS,PAYROLL204029,1391517795.85,,445187045199.4903
2024-05-26,NEFT-RETAIL-STORE-DEPOSIT,NEFT200903,,4082053465.06,449269098664.5503
2024-05-26,NEFT-RETAIL-STORE-DEPOSIT,NEFT409203,,1113963051.51,450383061716.0603
2024-05-26,RTGS-JIO-TELECOM-REVENUE,RTGS924395,,3225136043.11,453608197759.1703
2024-05-26,RTGS-JIO-TELECOM-REVENUE,RTGS920808,,2347240662.02,455955438421.1903
2024-05-26,NEFT-PETROCHEM-EXPORT,NEFT382116,,3017524769.83,458972963191.0203
2024-05-26,RTGS-JIO-TELECOM-REVENUE,RTGS772678,,2454549935.69,461427513126.7103
2024-05-26,RTGS-JIO-TELECOM-REVENUE,RTGS343279,,3635750755.42,465063263882.1303
2024-05-26,TAX-OUTFLOW-ADVANCE,TAX955271,740352262.78,,464322911619.3503
2024-05-27,TAX-OUTFLOW-ADVANCE,TAX838280,1515254700.04,,462807656919.3103
2024-05-27,RTGS-JIO-TELECOM-REVENUE,RTGS763315,,706246159.95,463513903079.2603
2024-05-27,VENDOR-PAYMENT-CRUDE-OIL,VENDOR537219,1510092524.07,,462003810555.1903
2024-05-27,PAYROLL-AND-OPERATIONS,PAYROLL626139,1712830416.9,,460290980138.2903
2024-05-27,TAX-OUTFLOW-ADVANCE,TAX474579,1388270099.44,,458902710038.8503
2024-05-27,PAYROLL-AND-OPERATIONS,PAYROLL579199,1148763561.34,,457753946477.51025
2024-05-27,VENDOR-PAYMENT-CRUDE-OIL,VENDOR751608,529590908.31,,457224355569.20026
2024-05-28,NEFT-RETAIL-STORE-DEPOSIT,NEFT288393,,4268037633.4,461492393202.6003
2024-05-28,NEFT-PETROCHEM-EXPORT,NEFT987363,,3098324895.05,464590718097.65027
2024-05-28,NEFT-RETAIL-STORE-DEPOSIT,NEFT553834,,1719282294.93,466310000392.58026
2024-05-28,TAX-OUTFLOW-ADVANCE,TAX787088,1709895233.83,,464600105158.75024
2024-05-28,VENDOR-PAYMENT-CRUDE-OIL,VENDOR597569,891117917.84,,463708987240.9102
2024-05-28,PAYROLL-AND-OPERATIONS,PAYROLL903738,1047466604.0,,462661520636.9102
2024-05-28,VENDOR-PAYMENT-CRUDE-OIL,VENDOR104771,1472423925.34,,461189096711.5702
2024-05-29,NEFT-RETAIL-STORE-DEPOSIT,NEFT174231,,2825634658.5,464014731370.0702
2024-05-29,TAX-OUTFLOW-ADVANCE,TAX562041,1557279847.57,,462457451522.5002
2024-05-29,TAX-OUTFLOW-ADVANCE,TAX270059,821927306.13,,461635524216.3702
2024-05-29,NEFT-PETROCHEM-EXPORT,NEFT949376,,804026055.88,462439550272.2502
2024-05-29,RTGS-JIO-TELECOM-REVENUE,RTGS352638,,1924222701.18,464363772973.4302
2024-05-29,NEFT-PETROCHEM-EXPORT,NEFT983299,,4308586015.57,468672358989.0002
2024-05-29,RTGS-JIO-TELECOM-REVENUE,RTGS667529,,4549678523.37,473222037512.3702
2024-05-30,NEFT-PETROCHEM-EXPORT,NEFT681460,,2205283997.56,475427321509.9302
2024-05-30,RTGS-JIO-TELECOM-REVENUE,RTGS722638,,2077925039.12,477505246549.0502
2024-05-30,NEFT-RETAIL-STORE-DEPOSIT,NEFT414938,,2027116812.62,479532363361.67017
2024-05-30,NEFT-RETAIL-STORE-DEPOSIT,NEFT253469,,2946544499.29,482478907860.96014
2024-05-30,NEFT-RETAIL-STORE-DEPOSIT,NEFT362172,,3573414946.7,486052322807.66016
2024-05-30,NEFT-RETAIL-STORE-DEPOSIT,NEFT496341,,4033985193.56,490086308001.22015
2024-05-30,VENDOR-PAYMENT-CRUDE-OIL,VENDOR820817,1499263405.29,,488587044595.9302
2024-05-30,NEFT-PETROCHEM-EXPORT,NEFT384255,,4666635645.13,493253680241.0602
2024-05-30,VENDOR-PAYMENT-CRUDE-OIL,VENDOR939528,1321640562.42,,491932039678.6402
2024-05-31,NEFT-PETROCHEM-EXPORT,NEFT711364,,3105072207.24,495037111885.8802
2024-05-31,RTGS-JIO-TELECOM-REVENUE,RTGS806119,,1379047210.28,496416159096.1602
2024-05-31,RTGS-JIO-TELECOM-REVENUE,RTGS282554,,3320811057.95,499736970154.1102
2024-05-31,NEFT-RETAIL-STORE-DEPOSIT,NEFT432680,,1852297719.69,501589267873.80023
2024-05-31,NEFT-RETAIL-STORE-DEPOSIT,NEFT519906,,3074604713.75,504663872587.55023
2024-05-31,PAYROLL-AND-OPERATIONS,PAYROLL722452,1832561087.31,,502831311500.24023
2024-05-31,NEFT-PETROCHEM-EXPORT,NEFT512042,,919532385.48,503750843885.7202
2024-05-31,VENDOR-PAYMENT-CRUDE-OIL,VENDOR715533,974236499.14,,502776607386.5802
2024-05-31,VENDOR-PAYMENT-CRUDE-OIL,VENDOR930503,452069772.74,,502324537613.8402
2024-05-31,PAYROLL-AND-OPERATIONS,PAYROLL668371,375436248.69,,501949101365.1502
2024-06-01,PAYROLL-AND-OPERATIONS,PAYROLL848693,1841471479.65,,500107629885.5002
2024-06-01,VENDOR-PAYMENT-CRUDE-OIL,VENDOR472966,974298854.39,,499133331031.11017
2024-06-01,TAX-OUTFLOW-ADVANCE,TAX221654,1317299197.67,,497816031833.4402
2024-06-01,PAYROLL-AND-OPERATIONS,PAYROLL502930,1763202918.15,,496052828915.29016
2024-06-01,TAX-OUTFLOW-ADVANCE,TAX397915,658835082.9,,495393993832.39014
2024-06-01,NEFT-PETROCHEM-EXPORT,NEFT845143,,3936044755.8,499330038588.1901
2024-06-01,PAYROLL-AND-OPERATIONS,PAYROLL126491,640707376.88,,498689331211.3101
2024-06-02,RTGS-JIO-TELECOM-REVENUE,RTGS698902,,2187140098.8,500876471310.1101
2024-06-02,TAX-OUTFLOW-ADVANCE,TAX904907,573746705.54,,500302724604.5701
2024-06-02,NEFT-RETAIL-STORE-DEPOSIT,NEFT292255,,3517119450.93,503819844055.5001
2024-06-02,NEFT-PETROCHEM-EXPORT,NEFT432390,,2639340199.96,506459184255.46014
2024-06-02,NEFT-PETROCHEM-EXPORT,NEFT102369,,3717075527.15,510176259782.61017
2024-06-02,NEFT-RETAIL-STORE-DEPOSIT,NEFT841355,,3765093089.32,513941352871.9302
2024-06-02,RTGS-JIO-TELECOM-REVENUE,RTGS541768,,4539095755.57,518480448627.5002
2024-06-02,NEFT-PETROCHEM-EXPORT,NEFT727862,,3311149152.79,521791597780.29016
2024-06-02,PAYROLL-AND-OPERATIONS,PAYROLL163682,1180506259.67,,520611091520.6202
2024-06-03,NEFT-PETROCHEM-EXPORT,NEFT168781,,780228143.85,521391319664.47015
2024-06-03,VENDOR-PAYMENT-CRUDE-OIL,VENDOR692580,1427599136.66,,519963720527.8102
2024-06-03,NEFT-RETAIL-STORE-DEPOSIT,NEFT347572,,1344706201.33,521308426729.1402
2024-06-03,TAX-OUTFLOW-ADVANCE,TAX344778,655141452.16,,520653285276.9802
2024-06-03,TAX-OUTFLOW-ADVANCE,TAX738850,1427048311.17,,519226236965.81024
2024-06-03,TAX-OUTFLOW-ADVANCE,TAX114045,1141592031.09,,518084644934.7202
2024-06-03,VENDOR-PAYMENT-CRUDE-OIL,VENDOR767772,1533731611.18,,516550913323.5402
2024-06-03,TAX-OUTFLOW-ADVANCE,TAX600015,331094305.48,,516219819018.06024
2024-06-04,TAX-OUTFLOW-ADVANCE,TAX944700,1448737181.22,,514771081836.8403
2024-06-04,NEFT-PETROCHEM-EXPORT,NEFT133914,,4438972474.4,519210054311.2403
2024-06-04,RTGS-JIO-TELECOM-REVENUE,RTGS371175,,3124390339.46,522334444650.7003
2024-06-04,NEFT-RETAIL-STORE-DEPOSIT,NEFT602789,,3078100254.92,525412544905.6203
2024-06-04,TAX-OUTFLOW-ADVANCE,TAX450735,1888521269.61,,523524023636.0103
2024-06-04,NEFT-RETAIL-STORE-DEPOSIT,NEFT222126,,3507292383.25,527031316019.2603
2024-06-05,NEFT-PETROCHEM-EXPORT,NEFT116541,,2034921230.88,529066237250.1403
2024-06-05,TAX-OUTFLOW-ADVANCE,TAX298563,381956379.41,,528684280870.73035
2024-06-05,RTGS-JIO-TELECOM-REVENUE,RTGS993152,,4512516761.23,533196797631.9603
2024-06-06,VENDOR-PAYMENT-CRUDE-OIL,VENDOR996166,536657782.38,,532660139849.5803
2024-06-06,VENDOR-PAYMENT-CRUDE-OIL,VENDOR843553,647283443.37,,532012856406.2103
2024-06-06,VENDOR-PAYMENT-CRUDE-OIL,VENDOR618068,1506790505.29,,530506065900.92035
2024-06-06,RTGS-JIO-TELECOM-REVENUE,RTGS479226,,3195661636.33,533701727537.25037
2024-06-06,NEFT-PETROCHEM-EXPORT,NEFT786357,,3125760577.33,536827488114.5804
2024-06-06,NEFT-PETROCHEM-EXPORT,NEFT487225,,4094278661.71,540921766776.2904
2024-06-06,TAX-OUTFLOW-ADVANCE,TAX519374,853926591.59,,540067840184.7004
2024-06-06,VENDOR-PAYMENT-CRUDE-OIL,VENDOR598955,1966128579.81,,538101711604.8904
2024-06-06,RTGS-JIO-TELECOM-REVENUE,RTGS606894,,3792785961.45,541894497566.3404
2024-06-07,NEFT-RETAIL-STORE-DEPOSIT,NEFT167124,,4033267031.01,545927764597.3504
2024-06-07,NEFT-PETROCHEM-EXPORT,NEFT268223,,922284747.85,546850049345.2004
2024-06-07,PAYROLL-AND-OPERATIONS,PAYROLL861942,759771679.37,,546090277665.8304
2024-06-08,TAX-OUTFLOW-ADVANCE,TAX246317,1275719124.46,,544814558541.37036
2024-06-08,VENDOR-PAYMENT-CRUDE-OIL,VENDOR679603,1384125532.19,,543430433009.18036
2024-06-08,RTGS-JIO-TELECOM-REVENUE,RTGS564357,,604639444.42,544035072453.60034
2024-06-08,TAX-OUTFLOW-ADVANCE,TAX452224,830068705.57,,543205003748.03033
2024-06-08,TAX-OUTFLOW-ADVANCE,TAX436769,1857962830.51,,541347040917.5203
2024-06-08,NEFT-PETROCHEM-EXPORT,NEFT307420,,2705783594.46,544052824511.98035
2024-06-08,VENDOR-PAYMENT-CRUDE-OIL,VENDOR941445,661320262.35,,543391504249.6304
2024-06-09,TAX-OUTFLOW-ADVANCE,TAX836101,360804057.8,,543030700191.8304
2024-06-09,PAYROLL-AND-OPERATIONS,PAYROLL121368,1394369904.22,,541636330287.6104
2024-06-09,NEFT-RETAIL-STORE-DEPOSIT,NEFT260558,,1760504870.99,543396835158.6004
2024-06-09,TAX-OUTFLOW-ADVANCE,TAX506370,376806345.98,,543020028812.6204
2024-06-09,NEFT-PETROCHEM-EXPORT,NEFT680562,,4390539631.34,547410568443.96045
2024-06-09,NEFT-RETAIL-STORE-DEPOSIT,NEFT789821,,3782531326.41,551193099770.3705
2024-06-09,VENDOR-PAYMENT-CRUDE-OIL,VENDOR166373,1172149453.2,,550020950317.1705
2024-06-10,RTGS-JIO-TELECOM-REVENUE,RTGS878802,,3064259828.93,553085210146.1006
2024-06-10,NEFT-RETAIL-STORE-DEPOSIT,NEFT155025,,1045658852.72,554130868998.8206
2024-06-10,PAYROLL-AND-OPERATIONS,PAYROLL612585,822312064.01,,553308556934.8105
2024-06-10,NEFT-PETROCHEM-EXPORT,NEFT241023,,3377191559.47,556685748494.2805
2024-06-10,PAYROLL-AND-OPERATIONS,PAYROLL492820,658938091.54,,556026810402.7405
2024-06-11,PAYROLL-AND-OPERATIONS,PAYROLL507354,1170912761.02,,554855897641.7205
2024-06-11,NEFT-PETROCHEM-EXPORT,NEFT849322,,3600805990.17,558456703631.8905
2024-06-11,TAX-OUTFLOW-ADVANCE,TAX726134,885310146.42,,557571393485.4705
2024-06-11,NEFT-PETROCHEM-EXPORT,NEFT114396,,4904793751.44,562476187236.9104
2024-06-11,TAX-OUTFLOW-ADVANCE,TAX807344,1694073336.19,,560782113900.7205
2024-06-11,NEFT-RETAIL-STORE-DEPOSIT,NEFT293897,,2888928316.36,563671042217.0804
2024-06-12,VENDOR-PAYMENT-CRUDE-OIL,VENDOR908748,908195772.07,,562762846445.0105
2024-06-12,VENDOR-PAYMENT-CRUDE-OIL,VENDOR547287,929396015.47,,561833450429.5405
2024-06-12,VENDOR-PAYMENT-CRUDE-OIL,VENDOR957868,1095751944.07,,560737698485.4706
2024-06-12,VENDOR-PAYMENT-CRUDE-OIL,VENDOR856404,1175320193.27,,559562378292.2006
2024-06-12,NEFT-PETROCHEM-EXPORT,NEFT217973,,3655378091.34,563217756383.5405
2024-06-12,VENDOR-PAYMENT-CRUDE-OIL,VENDOR661786,990111218.02,,562227645165.5205
2024-06-13,VENDOR-PAYMENT-CRUDE-OIL,VENDOR738752,1551491337.47,,560676153828.0505
2024-06-13,RTGS-JIO-TELECOM-REVENUE,RTGS729274,,1984132862.39,562660286690.4406
2024-06-13,NEFT-PETROCHEM-EXPORT,NEFT789786,,2920692337.94,565580979028.3805
2024-06-13,VENDOR-PAYMENT-CRUDE-OIL,VENDOR971399,574741957.15,,565006237071.2305
2024-06-13,NEFT-RETAIL-STORE-DEPOSIT,NEFT711310,,1462631611.99,566468868683.2205
2024-06-13,TAX-OUTFLOW-ADVANCE,TAX716720,1943957381.36,,564524911301.8605
2024-06-13,NEFT-PETROCHEM-EXPORT,NEFT855981,,2565944129.38,567090855431.2405
2024-06-13,TAX-OUTFLOW-ADVANCE,TAX423311,802776235.23,,566288079196.0105
2024-06-14,PAYROLL-AND-OPERATIONS,PAYROLL403424,700959173.47,,565587120022.5405
2024-06-14,NEFT-RETAIL-STORE-DEPOSIT,NEFT251252,,1505865976.48,567092985999.0205
2024-06-14,PAYROLL-AND-OPERATIONS,PAYROLL590069,601511310.72,,566491474688.3005
2024-06-14,NEFT-PETROCHEM-EXPORT,NEFT961303,,710790575.39,567202265263.6906
2024-06-14,NEFT-PETROCHEM-EXPORT,NEFT690469,,3458662560.1,570660927823.7905
2024-06-14,NEFT-PETROCHEM-EXPORT,NEFT555484,,1487564683.66,572148492507.4506
2024-06-14,NEFT-RETAIL-STORE-DEPOSIT,NEFT696203,,1990638518.58,574139131026.0305
2024-06-14,NEFT-PETROCHEM-EXPORT,NEFT201915,,4920801970.42,579059932996.4506
2024-06-15,RTGS-JIO-TELECOM-REVENUE,RTGS474518,,3291181313.62,582351114310.0706
2024-06-15,PAYROLL-AND-OPERATIONS,PAYROLL309505,1084692181.57,,581266422128.5006
2024-06-15,PAYROLL-AND-OPERATIONS,PAYROLL580309,1696566432.66,,579569855695.8406
2024-06-15,NEFT-PETROCHEM-EXPORT,NEFT763052,,524962664.45,580094818360.2905
2024-06-16,PAYROLL-AND-OPERATIONS,PAYROLL906890,585465852.66,,579509352507.6305
2024-06-16,VENDOR-PAYMENT-CRUDE-OIL,VENDOR514182,472791699.15,,579036560808.4805
2024-06-16,NEFT-RETAIL-STORE-DEPOSIT,NEFT673628,,3400634870.46,582437195678.9404
2024-06-16,TAX-OUTFLOW-ADVANCE,TAX392688,1325604057.41,,581111591621.5304
2024-06-16,TAX-OUTFLOW-ADVANCE,TAX477943,728566522.23,,580383025099.3004
2024-06-16,VENDOR-PAYMENT-CRUDE-OIL,VENDOR345483,1470988420.73,,578912036678.5704
2024-06-17,PAYROLL-AND-OPERATIONS,PAYROLL557558,1351284315.36,,577560752363.2104
2024-06-17,TAX-OUTFLOW-ADVANCE,TAX962934,633577854.36,,576927174508.8505
2024-06-17,VENDOR-PAYMENT-CRUDE-OIL,VENDOR583897,575271814.42,,576351902694.4304
2024-06-17,RTGS-JIO-TELECOM-REVENUE,RTGS327170,,2845700192.07,579197602886.5004
2024-06-17,VENDOR-PAYMENT-CRUDE-OIL,VENDOR388760,1379977563.45,,577817625323.0504
2024-06-17,RTGS-JIO-TELECOM-REVENUE,RTGS114613,,1694257705.71,579511883028.7604
2024-06-18,TAX-OUTFLOW-ADVANCE,TAX225802,412237961.4,,579099645067.3604
2024-06-18,VENDOR-PAYMENT-CRUDE-OIL,VENDOR285568,1741121260.15,,577358523807.2103
2024-06-18,PAYROLL-AND-OPERATIONS,PAYROLL241677,1593677517.38,,575764846289.8303
2024-06-18,NEFT-PETROCHEM-EXPORT,NEFT621541,,2907998593.75,578672844883.5803
2024-06-19,NEFT-PETROCHEM-EXPORT,NEFT427819,,4469598372.28,583142443255.8604
2024-06-19,RTGS-JIO-TELECOM-REVENUE,RTGS381207,,1604349670.24,584746792926.1003
2024-06-20,PAYROLL-AND-OPERATIONS,PAYROLL126977,1894802445.12,,582851990480.9803
2024-06-20,VENDOR-PAYMENT-CRUDE-OIL,VENDOR357407,497587433.95,,582354403047.0304
2024-06-20,PAYROLL-AND-OPERATIONS,PAYROLL421883,1625994766.45,,580728408280.5804
2024-06-20,NEFT-PETROCHEM-EXPORT,NEFT715860,,1216899049.55,581945307330.1305
2024-06-20,TAX-OUTFLOW-ADVANCE,TAX143981,1568371377.73,,580376935952.4005
2024-06-21,TAX-OUTFLOW-ADVANCE,TAX954847,835934268.61,,579541001683.7905
2024-06-21,TAX-OUTFLOW-ADVANCE,TAX941977,1246622703.23,,578294378980.5605
2024-06-21,VENDOR-PAYMENT-CRUDE-OIL,VENDOR919527,670489370.51,,577623889610.0505
2024-06-21,PAYROLL-AND-OPERATIONS,PAYROLL952169,1820608298.81,,575803281311.2405
2024-06-21,VENDOR-PAYMENT-CRUDE-OIL,VENDOR272923,1156174077.17,,574647107234.0704
2024-06-22,TAX-OUTFLOW-ADVANCE,TAX471228,1060390613.85,,573586716620.2205
2024-06-22,NEFT-PETROCHEM-EXPORT,NEFT741336,,2428285112.55,576015001732.7705
2024-06-22,NEFT-RETAIL-STORE-DEPOSIT,NEFT826258,,4315630461.76,580330632194.5305
2024-06-22,RTGS-JIO-TELECOM-REVENUE,RTGS562429,,3614055653.35,583944687847.8805
2024-06-22,PAYROLL-AND-OPERATIONS,PAYROLL188633,1169253563.38,,582775434284.5005
2024-06-22,PAYROLL-AND-OPERATIONS,PAYROLL180671,1305372478.18,,581470061806.3204
2024-06-22,TAX-OUTFLOW-ADVANCE,TAX221236,1076782523.99,,580393279282.3304
2024-06-23,NEFT-PETROCHEM-EXPORT,NEFT222665,,1912706786.44,582305986068.7704
2024-06-23,PAYROLL-AND-OPERATIONS,PAYROLL982379,1135713688.54,,581170272380.2303
2024-06-23,RTGS-JIO-TELECOM-REVENUE,RTGS823002,,4701963873.64,585872236253.8704
2024-06-23,RTGS-JIO-TELECOM-REVENUE,RTGS943923,,2188250504.66,588060486758.5304
2024-06-23,RTGS-JIO-TELECOM-REVENUE,RTGS532052,,2470548419.94,590531035178.4703
2024-06-24,VENDOR-PAYMENT-CRUDE-OIL,VENDOR676016,349737738.16,,590181297440.3103
2024-06-24,TAX-OUTFLOW-ADVANCE,TAX347946,705585392.56,,589475712047.7502
2024-06-24,NEFT-PETROCHEM-EXPORT,NEFT761650,,1117553372.88,590593265420.6302
2024-06-24,NEFT-PETROCHEM-EXPORT,NEFT576448,,3625460749.59,594218726170.2202
2024-06-24,PAYROLL-AND-OPERATIONS,PAYROLL864438,591104133.02,,593627622037.2002
2024-06-24,NEFT-RETAIL-STORE-DEPOSIT,NEFT483125,,2975721714.58,596603343751.7802
2024-06-24,VENDOR-PAYMENT-CRUDE-OIL,VENDOR339390,725021942.9,,595878321808.8801
2024-06-24,NEFT-RETAIL-STORE-DEPOSIT,NEFT438498,,3033514181.01,598911835989.8901
2024-06-24,TAX-OUTFLOW-ADVANCE,TAX605784,1767197981.99,,597144638007.9001
2024-06-24,RTGS-JIO-TELECOM-REVENUE,RTGS929120,,1729430866.62,598874068874.5201
2024-06-25,NEFT-PETROCHEM-EXPORT,NEFT577103,,593255736.14,599467324610.6602
2024-06-25,NEFT-RETAIL-STORE-DEPOSIT,NEFT246500,,4803594251.27,604270918861.9302
2024-06-25,RTGS-JIO-TELECOM-REVENUE,RTGS585949,,4026296471.21,608297215333.1401
2024-06-25,NEFT-RETAIL-STORE-DEPOSIT,NEFT256710,,4575263351.86,612872478685.0001
2024-06-25,NEFT-PETROCHEM-EXPORT,NEFT365024,,4162659860.94,617035138545.9401
2024-06-25,PAYROLL-AND-OPERATIONS,PAYROLL241503,1958508582.12,,615076629963.8201
2024-06-25,PAYROLL-AND-OPERATIONS,PAYROLL984656,1763683535.25,,613312946428.5701
2024-06-25,NEFT-PETROCHEM-EXPORT,NEFT350451,,2725985975.92,616038932404.4901
2024-06-25,NEFT-RETAIL-STORE-DEPOSIT,NEFT456473,,4140268830.85,620179201235.3401
2024-06-26,TAX-OUTFLOW-ADVANCE,TAX529432,1729535087.64,,618449666147.7001
2024-06-26,NEFT-PETROCHEM-EXPORT,NEFT340010,,2969348715.97,621419014863.67
2024-06-26,PAYROLL-AND-OPERATIONS,PAYROLL397499,633110144.98,,620785904718.6901
2024-06-26,NEFT-PETROCHEM-EXPORT,NEFT291721,,694699159.51,621480603878.2001
2024-06-26,NEFT-RETAIL-STORE-DEPOSIT,NEFT250237,,3250802739.24,624731406617.4401
2024-06-26,NEFT-RETAIL-STORE-DEPOSIT,NEFT152481,,4525366869.66,629256773487.1001
2024-06-26,NEFT-PETROCHEM-EXPORT,NEFT575802,,2155033293.23,631411806780.3301
2024-06-26,PAYROLL-AND-OPERATIONS,PAYROLL161969,1986440782.8,,629425365997.53
2024-06-27,NEFT-RETAIL-STORE-DEPOSIT,NEFT363263,,555424714.58,629980790712.11
2024-06-27,TAX-OUTFLOW-ADVANCE,TAX844761,1165708667.12,,628815082044.99
2024-06-27,NEFT-RETAIL-STORE-DEPOSIT,NEFT589449,,2357100401.71,631172182446.7
2024-06-27,RTGS-JIO-TELECOM-REVENUE,RTGS991564,,2053373802.88,633225556249.58
2024-06-27,RTGS-JIO-TELECOM-REVENUE,RTGS158041,,2387823264.53,635613379514.11
2024-06-27,VENDOR-PAYMENT-CRUDE-OIL,VENDOR931562,798389414.18,,634814990099.9299
2024-06-27,NEFT-PETROCHEM-EXPORT,NEFT337752,,994139952.99,635809130052.9199
2024-06-27,TAX-OUTFLOW-ADVANCE,TAX235993,784253341.56,,635024876711.3599
2024-06-28,PAYROLL-AND-OPERATIONS,PAYROLL244507,1235853360.28,,633789023351.0798
2024-06-28,RTGS-JIO-TELECOM-REVENUE,RTGS971675,,1605361377.12,635394384728.1998
2024-06-28,RTGS-JIO-TELECOM-REVENUE,RTGS888564,,4474561876.79,639868946604.9899
2024-06-28,RTGS-JIO-TELECOM-REVENUE,RTGS168924,,4452363001.12,644321309606.1099
2024-06-28,RTGS-JIO-TELECOM-REVENUE,RTGS458729,,2473089434.82,646794399040.9298
2024-06-28,TAX-OUTFLOW-ADVANCE,TAX102972,1982131300.4,,644812267740.5298
2024-06-28,VENDOR-PAYMENT-CRUDE-OIL,VENDOR529995,1109054017.47,,643703213723.0598
2024-06-29,RTGS-JIO-TELECOM-REVENUE,RTGS138761,,1689517882.18,645392731605.2399
2024-06-29,NEFT-RETAIL-STORE-DEPOSIT,NEFT361231,,4626806018.88,650019537624.1199
2024-06-29,NEFT-PETROCHEM-EXPORT,NEFT235095,,2369555496.3,652389093120.4199
2024-06-29,NEFT-RETAIL-STORE-DEPOSIT,NEFT157796,,1520429713.36,653909522833.7799
2024-06-29,PAYROLL-AND-OPERATIONS,PAYROLL223111,402485393.33,,653507037440.45
2024-06-29,NEFT-PETROCHEM-EXPORT,NEFT597973,,2029113709.86,655536151150.3099
2024-06-29,VENDOR-PAYMENT-CRUDE-OIL,VENDOR376948,460302132.59,,655075849017.72
2024-06-30,VENDOR-PAYMENT-CRUDE-OIL,VENDOR262770,763142293.42,,654312706724.2999
2024-06-30,VENDOR-PAYMENT-CRUDE-OIL,VENDOR219228,1251257876.5,,653061448847.7999
2024-06-30,VENDOR-PAYMENT-CRUDE-OIL,VENDOR188553,1565712112.25,,651495736735.5499
2024-06-30,NEFT-PETROCHEM-EXPORT,NEFT107127,,4418783909.42,655914520644.97
2024-06-30,TAX-OUTFLOW-ADVANCE,TAX218218,1142045831.26,,654772474813.71
2024-06-30,PAYROLL-AND-OPERATIONS,PAYROLL588896,819446831.95,,653953027981.76
2024-06-30,TAX-OUTFLOW-ADVANCE,TAX782871,546834159.39,,653406193822.37
2024-07-01,NEFT-PETROCHEM-EXPORT,NEFT446539,,2572932660.03,655979126482.4
2024-07-02,TAX-OUTFLOW-ADVANCE,TAX513438,889768796.27,,655089357686.13
2024-07-02,PAYROLL-AND-OPERATIONS,PAYROLL753227,1252162080.27,,653837195605.86
2024-07-02,NEFT-PETROCHEM-EXPORT,NEFT766196,,1740847468.43,655578043074.29
2024-07-02,NEFT-PETROCHEM-EXPORT,NEFT205161,,2316799808.69,657894842882.98
2024-07-02,TAX-OUTFLOW-ADVANCE,TAX519682,1697514737.32,,656197328145.66
2024-07-02,NEFT-PETROCHEM-EXPORT,NEFT964832,,4323797807.81,660521125953.4701
2024-07-02,VENDOR-PAYMENT-CRUDE-OIL,VENDOR885814,808723076.19,,659712402877.2802
2024-07-03,TAX-OUTFLOW-ADVANCE,TAX663584,1402296186.19,,658310106691.0902
2024-07-03,VENDOR-PAYMENT-CRUDE-OIL,VENDOR212825,1639180579.35,,656670926111.7402
2024-07-03,VENDOR-PAYMENT-CRUDE-OIL,VENDOR698908,687196857.31,,655983729254.4302
2024-07-03,TAX-OUTFLOW-ADVANCE,TAX344917,765272683.26,,655218456571.1702
2024-07-03,TAX-OUTFLOW-ADVANCE,TAX322468,1785501638.67,,653432954932.5001
2024-07-03,VENDOR-PAYMENT-CRUDE-OIL,VENDOR331133,1234313043.92,,652198641888.5801
2024-07-03,NEFT-PETROCHEM-EXPORT,NEFT103135,,946479543.87,653145121432.4501
2024-07-03,PAYROLL-AND-OPERATIONS,PAYROLL774126,1505745467.67,,651639375964.78
2024-07-03,VENDOR-PAYMENT-CRUDE-OIL,VENDOR162606,1110128986.85,,650529246977.93
2024-07-03,PAYROLL-AND-OPERATIONS,PAYROLL257379,615904915.16,,649913342062.77
2024-07-03,PAYROLL-AND-OPERATIONS,PAYROLL899783,826631894.14,,649086710168.63
2024-07-03,RTGS-JIO-TELECOM-REVENUE,RTGS756922,,4270769206.92,653357479375.55
2024-07-03,PAYROLL-AND-OPERATIONS,PAYROLL699629,723556544.9,,652633922830.65
2024-07-04,VENDOR-PAYMENT-CRUDE-OIL,VENDOR232037,1381557852.75,,651252364977.9
2024-07-04,NEFT-PETROCHEM-EXPORT,NEFT367295,,1188361368.59,652440726346.49
2024-07-04,VENDOR-PAYMENT-CRUDE-OIL,VENDOR535177,1683286617.22,,650757439729.27
2024-07-04,NEFT-RETAIL-STORE-DEPOSIT,NEFT319910,,4777452984.64,655534892713.91
2024-07-04,VENDOR-PAYMENT-CRUDE-OIL,VENDOR848641,410258433.97,,655124634279.9401
2024-07-04,RTGS-JIO-TELECOM-REVENUE,RTGS272140,,3222838422.61,658347472702.55
2024-07-05,TAX-OUTFLOW-ADVANCE,TAX648434,1418789313.55,,656928683389.0
2024-07-05,VENDOR-PAYMENT-CRUDE-OIL,VENDOR130696,1510489320.01,,655418194068.99
2024-07-05,NEFT-PETROCHEM-EXPORT,NEFT494577,,2526989604.05,657945183673.04
2024-07-05,NEFT-PETROCHEM-EXPORT,NEFT853517,,1108463934.72,659053647607.76
2024-07-05,TAX-OUTFLOW-ADVANCE,TAX994711,899916378.94,,658153731228.8201
2024-07-05,PAYROLL-AND-OPERATIONS,PAYROLL402302,1274065461.41,,656879665767.41
2024-07-05,NEFT-RETAIL-STORE-DEPOSIT,NEFT984926,,3497907518.99,660377573286.4
2024-07-05,VENDOR-PAYMENT-CRUDE-OIL,VENDOR355341,325614728.41,,660051958557.99
2024-07-06,RTGS-JIO-TELECOM-REVENUE,RTGS295683,,721105735.26,660773064293.25
2024-07-06,TAX-OUTFLOW-ADVANCE,TAX289829,1886631970.11,,658886432323.14
2024-07-06,RTGS-JIO-TELECOM-REVENUE,RTGS710138,,1136885025.06,660023317348.2001
2024-07-06,VENDOR-PAYMENT-CRUDE-OIL,VENDOR687837,881739432.5,,659141577915.7001
2024-07-06,TAX-OUTFLOW-ADVANCE,TAX852518,561415091.18,,658580162824.52
2024-07-06,VENDOR-PAYMENT-CRUDE-OIL,VENDOR846842,1890091221.11,,656690071603.41
2024-07-06,PAYROLL-AND-OPERATIONS,PAYROLL958077,1881036383.86,,654809035219.55
2024-07-07,NEFT-PETROCHEM-EXPORT,NEFT327158,,857455300.99,655666490520.54
2024-07-07,TAX-OUTFLOW-ADVANCE,TAX590710,1735629752.81,,653930860767.73
2024-07-07,RTGS-JIO-TELECOM-REVENUE,RTGS449225,,2926927274.58,656857788042.3099
2024-07-07,PAYROLL-AND-OPERATIONS,PAYROLL328122,1296623178.16,,655561164864.1499
2024-07-07,TAX-OUTFLOW-ADVANCE,TAX602455,486208449.47,,655074956414.6799
2024-07-07,NEFT-RETAIL-STORE-DEPOSIT,NEFT854209,,3863837381.94,658938793796.6199
2024-07-07,RTGS-JIO-TELECOM-REVENUE,RTGS830799,,772584509.7,659711378306.3198
2024-07-07,PAYROLL-AND-OPERATIONS,PAYROLL263907,520831937.51,,659190546368.8098
2024-07-08,RTGS-JIO-TELECOM-REVENUE,RTGS653231,,3721299985.46,662911846354.2698
2024-07-08,VENDOR-PAYMENT-CRUDE-OIL,VENDOR131900,503760251.82,,662408086102.4498
2024-07-08,RTGS-JIO-TELECOM-REVENUE,RTGS506561,,4861444554.8,667269530657.2499
2024-07-08,NEFT-RETAIL-STORE-DEPOSIT,NEFT544579,,2024759970.47,669294290627.7198
2024-07-08,TAX-OUTFLOW-ADVANCE,TAX978454,1828097386.89,,667466193240.8298
2024-07-09,NEFT-PETROCHEM-EXPORT,NEFT113186,,3443839386.77,670910032627.5999
2024-07-09,PAYROLL-AND-OPERATIONS,PAYROLL711845,559281001.35,,670350751626.2499
2024-07-09,NEFT-PETROCHEM-EXPORT,NEFT284406,,3781049874.93,674131801501.1799
2024-07-09,NEFT-RETAIL-STORE-DEPOSIT,NEFT169718,,3033129150.74,677164930651.9199
2024-07-09,VENDOR-PAYMENT-CRUDE-OIL,VENDOR271304,884121770.84,,676280808881.08
2024-07-09,NEFT-PETROCHEM-EXPORT,NEFT256619,,4769583820.52,681050392701.6
2024-07-09,TAX-OUTFLOW-ADVANCE,TAX673048,1882155367.88,,679168237333.72
2024-07-10,RTGS-JIO-TELECOM-REVENUE,RTGS676721,,1083567765.64,680251805099.36
2024-07-10,NEFT-PETROCHEM-EXPORT,NEFT142918,,2813040228.64,683064845328.0
2024-07-10,NEFT-PETROCHEM-EXPORT,NEFT489714,,2813627485.86,685878472813.86
2024-07-10,VENDOR-PAYMENT-CRUDE-OIL,VENDOR576510,1756074820.56,,684122397993.2999
2024-07-10,PAYROLL-AND-OPERATIONS,PAYROLL734497,371678930.95,,683750719062.35
2024-07-10,RTGS-JIO-TELECOM-REVENUE,RTGS519163,,3100041311.29,686850760373.64
2024-07-11,NEFT-PETROCHEM-EXPORT,NEFT613983,,1941047021.25,688791807394.89
2024-07-11,NEFT-PETROCHEM-EXPORT,NEFT356273,,1085039578.24,689876846973.13
2024-07-11,VENDOR-PAYMENT-CRUDE-OIL,VENDOR338604,1159234088.8,,688717612884.33
2024-07-11,PAYROLL-AND-OPERATIONS,PAYROLL914377,725095393.99,,687992517490.34
2024-07-11,VENDOR-PAYMENT-CRUDE-OIL,VENDOR700799,461628952.09,,687530888538.25
2024-07-11,PAYROLL-AND-OPERATIONS,PAYROLL913604,1651573216.74,,685879315321.51
2024-07-11,RTGS-JIO-TELECOM-REVENUE,RTGS268012,,3102936272.97,688982251594.48
2024-07-12,RTGS-JIO-TELECOM-REVENUE,RTGS581222,,1494412184.56,690476663779.04
2024-07-12,TAX-OUTFLOW-ADVANCE,TAX659458,1622922628.02,,688853741151.02
2024-07-12,NEFT-PETROCHEM-EXPORT,NEFT927522,,2458009667.23,691311750818.25
2024-07-12,TAX-OUTFLOW-ADVANCE,TAX622504,1543873433.93,,689767877384.32
2024-07-12,VENDOR-PAYMENT-CRUDE-OIL,VENDOR768717,1919230444.25,,687848646940.07
2024-07-12,PAYROLL-AND-OPERATIONS,PAYROLL548648,852196498.49,,686996450441.58
2024-07-13,PAYROLL-AND-OPERATIONS,PAYROLL830143,1478233870.14,,685518216571.44
2024-07-13,NEFT-PETROCHEM-EXPORT,NEFT511119,,3542735554.86,689060952126.2999
2024-07-13,VENDOR-PAYMENT-CRUDE-OIL,VENDOR285997,1150513491.25,,687910438635.0499
2024-07-13,RTGS-JIO-TELECOM-REVENUE,RTGS598339,,1649540193.79,689559978828.84
2024-07-13,TAX-OUTFLOW-ADVANCE,TAX789506,1120870437.51,,688439108391.33
2024-07-13,NEFT-RETAIL-STORE-DEPOSIT,NEFT473883,,3382602898.48,691821711289.8099
2024-07-13,PAYROLL-AND-OPERATIONS,PAYROLL613106,1355909015.11,,690465802274.7
2024-07-13,RTGS-JIO-TELECOM-REVENUE,RTGS748480,,3979308382.27,694445110656.97
2024-07-14,NEFT-RETAIL-STORE-DEPOSIT,NEFT479800,,3185804613.58,697630915270.5499
2024-07-14,TAX-OUTFLOW-ADVANCE,TAX757034,950030951.21,,696680884319.34
2024-07-14,RTGS-JIO-TELECOM-REVENUE,RTGS284804,,2780144725.62,699461029044.96
2024-07-15,RTGS-JIO-TELECOM-REVENUE,RTGS368439,,851163323.52,700312192368.48
2024-07-15,PAYROLL-AND-OPERATIONS,PAYROLL556045,803388906.85,,699508803461.63
2024-07-15,NEFT-RETAIL-STORE-DEPOSIT,NEFT318426,,2315054458.09,701823857919.72
2024-07-15,NEFT-RETAIL-STORE-DEPOSIT,NEFT544342,,4648528021.39,706472385941.11
2024-07-15,TAX-OUTFLOW-ADVANCE,TAX213986,1273441370.16,,705198944570.95
2024-07-15,PAYROLL-AND-OPERATIONS,PAYROLL420544,1327922466.58,,703871022104.37
2024-07-16,NEFT-RETAIL-STORE-DEPOSIT,NEFT457604,,3562333604.02,707433355708.39
2024-07-16,VENDOR-PAYMENT-CRUDE-OIL,VENDOR942318,1080179961.45,,706353175746.9401
2024-07-16,NEFT-PETROCHEM-EXPORT,NEFT180171,,3049327720.73,709402503467.67
2024-07-16,VENDOR-PAYMENT-CRUDE-OIL,VENDOR952251,1546657849.94,,707855845617.7301
2024-07-16,VENDOR-PAYMENT-CRUDE-OIL,VENDOR687320,422715582.55,,707433130035.18
2024-07-16,NEFT-RETAIL-STORE-DEPOSIT,NEFT562245,,2281490850.73,709714620885.91
2024-07-16,RTGS-JIO-TELECOM-REVENUE,RTGS837870,,4358335447.02,714072956332.93
2024-07-17,PAYROLL-AND-OPERATIONS,PAYROLL344405,1110456298.52,,712962500034.41
2024-07-17,NEFT-PETROCHEM-EXPORT,NEFT664008,,4333556496.77,717296056531.18
2024-07-18,NEFT-RETAIL-STORE-DEPOSIT,NEFT645000,,3065356176.75,720361412707.93
2024-07-18,PAYROLL-AND-OPERATIONS,PAYROLL356356,1402111345.08,,718959301362.8501
2024-07-18,PAYROLL-AND-OPERATIONS,PAYROLL154160,1086148515.23,,717873152847.6201
2024-07-19,TAX-OUTFLOW-ADVANCE,TAX439884,402059899.27,,717471092948.3501
2024-07-19,TAX-OUTFLOW-ADVANCE,TAX889565,337462952.13,,717133629996.2201
2024-07-19,NEFT-PETROCHEM-EXPORT,NEFT888143,,4381752138.05,721515382134.2701
2024-07-19,NEFT-RETAIL-STORE-DEPOSIT,NEFT818829,,1561685543.28,723077067677.5502
2024-07-19,VENDOR-PAYMENT-CRUDE-OIL,VENDOR278489,1751083568.4,,721325984109.1501
2024-07-19,VENDOR-PAYMENT-CRUDE-OIL,VENDOR480405,1544778851.58,,719781205257.5702
2024-07-20,RTGS-JIO-TELECOM-REVENUE,RTGS408338,,1025082240.71,720806287498.2802
2024-07-20,PAYROLL-AND-OPERATIONS,PAYROLL569163,665080467.02,,720141207031.2601
2024-07-20,NEFT-RETAIL-STORE-DEPOSIT,NEFT638647,,2710864222.88,722852071254.1401
2024-07-20,NEFT-RETAIL-STORE-DEPOSIT,NEFT492705,,980008333.8,723832079587.9402
2024-07-20,NEFT-PETROCHEM-EXPORT,NEFT923459,,647906868.26,724479986456.2002
2024-07-21,VENDOR-PAYMENT-CRUDE-OIL,VENDOR570877,848285888.94,,723631700567.2603
2024-07-21,NEFT-RETAIL-STORE-DEPOSIT,NEFT954378,,761400183.73,724393100750.9902
2024-07-21,VENDOR-PAYMENT-CRUDE-OIL,VENDOR802278,1203553827.82,,723189546923.1703
2024-07-21,NEFT-RETAIL-STORE-DEPOSIT,NEFT588824,,2416887677.98,725606434601.1503
2024-07-21,TAX-OUTFLOW-ADVANCE,TAX537946,544384652.79,,725062049948.3602
2024-07-22,TAX-OUTFLOW-ADVANCE,TAX380542,1769791069.59,,723292258878.7703
2024-07-22,NEFT-RETAIL-STORE-DEPOSIT,NEFT608582,,4138820056.86,727431078935.6302
2024-07-22,NEFT-PETROCHEM-EXPORT,NEFT166907,,3185441268.35,730616520203.9802
2024-07-22,VENDOR-PAYMENT-CRUDE-OIL,VENDOR744978,703845154.89,,729912675049.0902
2024-07-22,VENDOR-PAYMENT-CRUDE-OIL,VENDOR445326,756899954.12,,729155775094.9702
2024-07-22,NEFT-RETAIL-STORE-DEPOSIT,NEFT353569,,2529178742.03,731684953837.0002
2024-07-23,TAX-OUTFLOW-ADVANCE,TAX403681,881806710.96,,730803147126.0403
2024-07-23,NEFT-PETROCHEM-EXPORT,NEFT913810,,1902308261.96,732705455388.0002
2024-07-23,NEFT-RETAIL-STORE-DEPOSIT,NEFT467057,,691485225.71,733396940613.7102
2024-07-23,VENDOR-PAYMENT-CRUDE-OIL,VENDOR211992,1720042169.19,,731676898444.5203
2024-07-24,NEFT-RETAIL-STORE-DEPOSIT,NEFT857772,,2436371004.6,734113269449.1202
2024-07-24,RTGS-JIO-TELECOM-REVENUE,RTGS976117,,3206760388.01,737320029837.1302
2024-07-24,RTGS-JIO-TELECOM-REVENUE,RTGS296845,,2618619471.6,739938649308.7302
2024-07-24,TAX-OUTFLOW-ADVANCE,TAX387078,1329177742.21,,738609471566.5203
2024-07-25,RTGS-JIO-TELECOM-REVENUE,RTGS333744,,2388361550.02,740997833116.5403
2024-07-25,NEFT-PETROCHEM-EXPORT,NEFT690435,,3793903134.78,744791736251.3203
2024-07-25,NEFT-PETROCHEM-EXPORT,NEFT454754,,4524994947.2,749316731198.5203
2024-07-26,VENDOR-PAYMENT-CRUDE-OIL,VENDOR487326,598574304.87,,748718156893.6503
2024-07-26,NEFT-RETAIL-STORE-DEPOSIT,NEFT267354,,2733261708.3,751451418601.9503
2024-07-26,VENDOR-PAYMENT-CRUDE-OIL,VENDOR570363,1780562276.75,,749670856325.2003
2024-07-26,NEFT-RETAIL-STORE-DEPOSIT,NEFT179671,,4374489923.6,754045346248.8003
2024-07-26,NEFT-RETAIL-STORE-DEPOSIT,NEFT461024,,2106637047.74,756151983296.5403
2024-07-26,PAYROLL-AND-OPERATIONS,PAYROLL613932,1663546617.58,,754488436678.9603
2024-07-26,NEFT-PETROCHEM-EXPORT,NEFT251859,,1923745172.08,756412181851.0403
2024-07-26,PAYROLL-AND-OPERATIONS,PAYROLL823699,610947007.06,,755801234843.9802
2024-07-27,NEFT-RETAIL-STORE-DEPOSIT,NEFT387737,,2413408271.49,758214643115.4702
2024-07-27,NEFT-RETAIL-STORE-DEPOSIT,NEFT476446,,4536058108.96,762750701224.4302
2024-07-27,NEFT-PETROCHEM-EXPORT,NEFT408100,,3106864643.73,765857565868.1602
2024-07-27,TAX-OUTFLOW-ADVANCE,TAX273264,1468803853.02,,764388762015.1401
2024-07-27,RTGS-JIO-TELECOM-REVENUE,RTGS276811,,4745780288.57,769134542303.7101
2024-07-27,NEFT-PETROCHEM-EXPORT,NEFT251324,,3697746036.03,772832288339.7401
2024-07-28,PAYROLL-AND-OPERATIONS,PAYROLL611663,1206540884.42,,771625747455.3201
2024-07-28,PAYROLL-AND-OPERATIONS,PAYROLL471982,1753275472.36,,769872471982.9601
2024-07-28,NEFT-RETAIL-STORE-DEPOSIT,NEFT442701,,4894447674.34,774766919657.3
2024-07-28,NEFT-RETAIL-STORE-DEPOSIT,NEFT255680,,2836500395.74,777603420053.04
2024-07-28,TAX-OUTFLOW-ADVANCE,TAX224569,955200513.87,,776648219539.17
2024-07-28,VENDOR-PAYMENT-CRUDE-OIL,VENDOR476186,1163921392.22,,775484298146.9501
2024-07-28,TAX-OUTFLOW-ADVANCE,TAX391817,694286925.96,,774790011220.9901
2024-07-29,RTGS-JIO-TELECOM-REVENUE,RTGS763781,,3195826252.63,777985837473.6201
2024-07-29,PAYROLL-AND-OPERATIONS,PAYROLL100398,1640305871.19,,776345531602.4302
2024-07-29,RTGS-JIO-TELECOM-REVENUE,RTGS336528,,3480220446.0,779825752048.4302
2024-07-29,PAYROLL-AND-OPERATIONS,PAYROLL765458,1044746401.36,,778781005647.0702
2024-07-29,NEFT-RETAIL-STORE-DEPOSIT,NEFT942247,,2279912062.93,781060917710.0002
2024-07-29,NEFT-PETROCHEM-EXPORT,NEFT730189,,1984092321.26,783045010031.2603
2024-07-30,RTGS-JIO-TELECOM-REVENUE,RTGS126485,,1244228117.97,784289238149.2302
2024-07-30,TAX-OUTFLOW-ADVANCE,TAX898408,1285433775.66,,783003804373.5702
2024-07-30,PAYROLL-AND-OPERATIONS,PAYROLL734448,1023292574.52,,781980511799.0502
2024-07-30,NEFT-RETAIL-STORE-DEPOSIT,NEFT964536,,1322959770.66,783303471569.7102
2024-07-30,PAYROLL-AND-OPERATIONS,PAYROLL865235,1052497860.35,,782250973709.3602
2024-07-30,RTGS-JIO-TELECOM-REVENUE,RTGS126315,,2191505069.28,784442478778.6403
2024-07-30,RTGS-JIO-TELECOM-REVENUE,RTGS371380,,3602255696.73,788044734475.3702
2024-07-30,VENDOR-PAYMENT-CRUDE-OIL,VENDOR806965,1761955313.78,,786282779161.5902
2024-07-30,NEFT-PETROCHEM-EXPORT,NEFT574039,,4175204371.46,790457983533.0502
2024-07-31,NEFT-RETAIL-STORE-DEPOSIT,NEFT976221,,2454214038.64,792912197571.6902
2024-07-31,VENDOR-PAYMENT-CRUDE-OIL,VENDOR860641,889150622.74,,792023046948.9502
2024-07-31,PAYROLL-AND-OPERATIONS,PAYROLL691314,1609237475.92,,790413809473.0302
2024-07-31,RTGS-JIO-TELECOM-REVENUE,RTGS908343,,4549800402.89,794963609875.9202
2024-08-01,TAX-OUTFLOW-ADVANCE,TAX635399,1067866467.34,,793895743408.5802
2024-08-01,NEFT-RETAIL-STORE-DEPOSIT,NEFT520299,,955286918.9,794851030327.4802
2024-08-01,RTGS-JIO-TELECOM-REVENUE,RTGS835057,,4482153088.73,799333183416.2102
2024-08-01,NEFT-PETROCHEM-EXPORT,NEFT767099,,2989141464.34,802322324880.5502
2024-08-01,TAX-OUTFLOW-ADVANCE,TAX446852,1208727848.26,,801113597032.2902
2024-08-02,VENDOR-PAYMENT-CRUDE-OIL,VENDOR981711,585905725.73,,800527691306.5602
2024-08-02,PAYROLL-AND-OPERATIONS,PAYROLL452334,837088515.42,,799690602791.1401
2024-08-02,PAYROLL-AND-OPERATIONS,PAYROLL571021,597392986.84,,799093209804.3002
2024-08-02,RTGS-JIO-TELECOM-REVENUE,RTGS727913,,1040650114.16,800133859918.4602
2024-08-02,TAX-OUTFLOW-ADVANCE,TAX842051,1012388338.09,,799121471580.3702
2024-08-02,RTGS-JIO-TELECOM-REVENUE,RTGS963927,,2215523478.18,801336995058.5503
2024-08-02,PAYROLL-AND-OPERATIONS,PAYROLL255012,1983804581.66,,799353190476.8903
2024-08-02,RTGS-JIO-TELECOM-REVENUE,RTGS652588,,1843347524.87,801196538001.7603
2024-08-03,VENDOR-PAYMENT-CRUDE-OIL,VENDOR127397,1446117944.48,,799750420057.2803
2024-08-03,PAYROLL-AND-OPERATIONS,PAYROLL520528,451361825.95,,799299058231.3303
2024-08-03,TAX-OUTFLOW-ADVANCE,TAX707963,925091043.45,,798373967187.8804
2024-08-03,TAX-OUTFLOW-ADVANCE,TAX846256,1783798455.2,,796590168732.6804
2024-08-03,TAX-OUTFLOW-ADVANCE,TAX763856,473115176.51,,796117053556.1704
2024-08-03,NEFT-RETAIL-STORE-DEPOSIT,NEFT852960,,1936457708.72,798053511264.8904
2024-08-03,VENDOR-PAYMENT-CRUDE-OIL,VENDOR766409,303215035.69,,797750296229.2004
2024-08-04,TAX-OUTFLOW-ADVANCE,TAX684442,844329200.44,,796905967028.7605
2024-08-04,PAYROLL-AND-OPERATIONS,PAYROLL584151,1588576448.79,,795317390579.9705
2024-08-04,NEFT-RETAIL-STORE-DEPOSIT,NEFT819530,,839578507.74,796156969087.7104
2024-08-04,NEFT-RETAIL-STORE-DEPOSIT,NEFT509888,,3504207158.1,799661176245.8104
2024-08-04,RTGS-JIO-TELECOM-REVENUE,RTGS930026,,756890469.44,800418066715.2504
2024-08-04,VENDOR-PAYMENT-CRUDE-OIL,VENDOR362466,1158015912.08,,799260050803.1704
2024-08-04,RTGS-JIO-TELECOM-REVENUE,RTGS744500,,4000665730.77,803260716533.9404
2024-08-04,TAX-OUTFLOW-ADVANCE,TAX608519,495676933.03,,802765039600.9104
2024-08-04,NEFT-PETROCHEM-EXPORT,NEFT424467,,3017541637.36,805782581238.2704
2024-08-04,TAX-OUTFLOW-ADVANCE,TAX131231,1169348241.82,,804613232996.4504
2024-08-04,NEFT-PETROCHEM-EXPORT,NEFT753410,,1948587016.91,806561820013.3605
2024-08-04,NEFT-PETROCHEM-EXPORT,NEFT387775,,3328548088.57,809890368101.9304
2024-08-05,RTGS-JIO-TELECOM-REVENUE,RTGS686846,,1709871094.32,811600239196.2504
2024-08-05,PAYROLL-AND-OPERATIONS,PAYROLL346396,717076880.6,,810883162315.6504
2024-08-05,RTGS-JIO-TELECOM-REVENUE,RTGS609790,,512697572.88,811395859888.5304
2024-08-05,PAYROLL-AND-OPERATIONS,PAYROLL413379,936731777.3,,810459128111.2303
2024-08-05,PAYROLL-AND-OPERATIONS,PAYROLL794268,1750482953.7,,808708645157.5304
2024-08-05,PAYROLL-AND-OPERATIONS,PAYROLL730659,1991483576.36,,806717161581.1704
2024-08-05,VENDOR-PAYMENT-CRUDE-OIL,VENDOR888360,1631845749.59,,805085315831.5804
2024-08-06,PAYROLL-AND-OPERATIONS,PAYROLL137148,566313200.93,,804519002630.6504
2024-08-06,RTGS-JIO-TELECOM-REVENUE,RTGS510633,,2650817431.22,807169820061.8704
2024-08-06,PAYROLL-AND-OPERATIONS,PAYROLL147229,584177358.88,,806585642702.9904
2024-08-06,NEFT-PETROCHEM-EXPORT,NEFT235251,,1323281851.71,807908924554.7003
2024-08-06,PAYROLL-AND-OPERATIONS,PAYROLL894673,1899788905.34,,806009135649.3604
2024-08-06,VENDOR-PAYMENT-CRUDE-OIL,VENDOR204535,678786287.57,,805330349361.7904
2024-08-06,VENDOR-PAYMENT-CRUDE-OIL,VENDOR803172,1042793042.26,,804287556319.5304
2024-08-06,RTGS-JIO-TELECOM-REVENUE,RTGS705670,,3633411078.26,807920967397.7904
2024-08-07,PAYROLL-AND-OPERATIONS,PAYROLL364343,1288553070.19,,806632414327.6005
2024-08-07,VENDOR-PAYMENT-CRUDE-OIL,VENDOR315574,1388970382.21,,805243443945.3905
2024-08-07,NEFT-RETAIL-STORE-DEPOSIT,NEFT407130,,2324940397.95,807568384343.3405
2024-08-07,NEFT-PETROCHEM-EXPORT,NEFT778888,,1698773481.88,809267157825.2205
2024-08-07,RTGS-JIO-TELECOM-REVENUE,RTGS710564,,4854745179.43,814121903004.6505
2024-08-07,PAYROLL-AND-OPERATIONS,PAYROLL202013,1091139694.56,,813030763310.0905
2024-08-07,NEFT-PETROCHEM-EXPORT,NEFT679671,,4180203848.37,817210967158.4604
2024-08-08,TAX-OUTFLOW-ADVANCE,TAX220608,328447324.03,,816882519834.4304
2024-08-08,TAX-OUTFLOW-ADVANCE,TAX934769,809058089.91,,816073461744.5204
2024-08-08,TAX-OUTFLOW-ADVANCE,TAX130267,1075470430.5,,814997991314.0204
2024-08-08,PAYROLL-AND-OPERATIONS,PAYROLL623348,1706532060.84,,813291459253.1804
2024-08-08,TAX-OUTFLOW-ADVANCE,TAX157376,1455546925.7,,811835912327.4805
2024-08-08,VENDOR-PAYMENT-CRUDE-OIL,VENDOR255952,1276735129.12,,810559177198.3605
2024-08-08,NEFT-PETROCHEM-EXPORT,NEFT323558,,3723060314.27,814282237512.6305
2024-08-08,TAX-OUTFLOW-ADVANCE,TAX901353,1915153222.46,,812367084290.1705
2024-08-08,VENDOR-PAYMENT-CRUDE-OIL,VENDOR730189,1722635815.01,,810644448475.1605
2024-08-08,PAYROLL-AND-OPERATIONS,PAYROLL498815,1199991470.11,,809444457005.0505
2024-08-08,TAX-OUTFLOW-ADVANCE,TAX989563,655878757.69,,808788578247.3606
2024-08-09,TAX-OUTFLOW-ADVANCE,TAX385096,1903404316.64,,806885173930.7206
2024-08-09,TAX-OUTFLOW-ADVANCE,TAX623304,693411259.39,,806191762671.3306
2024-08-09,RTGS-JIO-TELECOM-REVENUE,RTGS813833,,869453570.72,807061216242.0505
2024-08-09,RTGS-JIO-TELECOM-REVENUE,RTGS347536,,4015968909.65,811077185151.7006
2024-08-09,NEFT-PETROCHEM-EXPORT,NEFT661722,,4165565797.59,815242750949.2905
2024-08-09,RTGS-JIO-TELECOM-REVENUE,RTGS987390,,2920713237.42,818163464186.7106
2024-08-09,NEFT-PETROCHEM-EXPORT,NEFT424928,,3876084110.04,822039548296.7506
2024-08-10,TAX-OUTFLOW-ADVANCE,TAX796246,899428213.38,,821140120083.3706
2024-08-10,TAX-OUTFLOW-ADVANCE,TAX564368,761093631.67,,820379026451.7006
2024-08-10,NEFT-RETAIL-STORE-DEPOSIT,NEFT704815,,3662413620.43,824041440072.1306
2024-08-10,PAYROLL-AND-OPERATIONS,PAYROLL606015,1031035660.41,,823010404411.7206
2024-08-10,RTGS-JIO-TELECOM-REVENUE,RTGS468709,,4058061067.23,827068465478.9506
2024-08-10,TAX-OUTFLOW-ADVANCE,TAX505728,332692484.71,,826735772994.2406
2024-08-10,RTGS-JIO-TELECOM-REVENUE,RTGS480151,,3651379832.73,830387152826.9706
2024-08-10,VENDOR-PAYMENT-CRUDE-OIL,VENDOR332538,1775682745.73,,828611470081.2406
2024-08-10,NEFT-RETAIL-STORE-DEPOSIT,NEFT808018,,892575658.37,829504045739.6106
2024-08-11,VENDOR-PAYMENT-CRUDE-OIL,VENDOR221533,1309778517.19,,828194267222.4207
2024-08-11,TAX-OUTFLOW-ADVANCE,TAX632032,1653209679.0,,826541057543.4207
2024-08-11,NEFT-PETROCHEM-EXPORT,NEFT674675,,3372989649.87,829914047193.2906
2024-08-11,NEFT-PETROCHEM-EXPORT,NEFT590140,,2023566258.25,831937613451.5406
2024-08-11,RTGS-JIO-TELECOM-REVENUE,RTGS939966,,3394188712.4,835331802163.9407
2024-08-11,NEFT-RETAIL-STORE-DEPOSIT,NEFT962082,,1249849383.88,836581651547.8207
2024-08-11,TAX-OUTFLOW-ADVANCE,TAX584275,586406783.68,,835995244764.1406
2024-08-11,NEFT-RETAIL-STORE-DEPOSIT,NEFT140121,,4978091966.7,840973336730.8406
2024-08-11,TAX-OUTFLOW-ADVANCE,TAX812306,1296802979.36,,839676533751.4806
2024-08-11,NEFT-RETAIL-STORE-DEPOSIT,NEFT553138,,3309457414.61,842985991166.0906
2024-08-12,NEFT-PETROCHEM-EXPORT,NEFT237321,,4114438294.4,847100429460.4906
2024-08-12,PAYROLL-AND-OPERATIONS,PAYROLL833552,872584032.16,,846227845428.3306
2024-08-12,PAYROLL-AND-OPERATIONS,PAYROLL650700,1336472299.5,,844891373128.8306
2024-08-12,RTGS-JIO-TELECOM-REVENUE,RTGS514002,,3217967138.69,848109340267.5205
2024-08-13,NEFT-PETROCHEM-EXPORT,NEFT968276,,4291190639.13,852400530906.6505
2024-08-13,NEFT-RETAIL-STORE-DEPOSIT,NEFT108072,,616407779.7,853016938686.3505
2024-08-13,VENDOR-PAYMENT-CRUDE-OIL,VENDOR400002,1956859734.86,,851060078951.4905
2024-08-13,NEFT-PETROCHEM-EXPORT,NEFT630927,,3531806052.74,854591885004.2305
2024-08-13,NEFT-PETROCHEM-EXPORT,NEFT481310,,3419910974.54,858011795978.7705
2024-08-13,NEFT-PETROCHEM-EXPORT,NEFT190800,,2420311787.43,860432107766.2006
2024-08-14,RTGS-JIO-TELECOM-REVENUE,RTGS105784,,2459779978.47,862891887744.6705
2024-08-14,NEFT-PETROCHEM-EXPORT,NEFT857325,,4419094279.33,867310982024.0005
2024-08-14,TAX-OUTFLOW-ADVANCE,TAX641728,1926711848.9,,865384270175.1005
2024-08-14,TAX-OUTFLOW-ADVANCE,TAX252434,1244169347.8,,864140100827.3004
2024-08-14,NEFT-RETAIL-STORE-DEPOSIT,NEFT564160,,3295094246.43,867435195073.7305
2024-08-14,PAYROLL-AND-OPERATIONS,PAYROLL449798,1645682660.72,,865789512413.0105
2024-08-14,RTGS-JIO-TELECOM-REVENUE,RTGS117998,,2848717617.32,868638230030.3304
2024-08-14,TAX-OUTFLOW-ADVANCE,TAX265345,1594019817.41,,867044210212.9204
2024-08-15,NEFT-PETROCHEM-EXPORT,NEFT865099,,1466586249.29,868510796462.2104
2024-08-15,TAX-OUTFLOW-ADVANCE,TAX693407,1853608709.76,,866657187752.4504
2024-08-15,PAYROLL-AND-OPERATIONS,PAYROLL433929,1574441634.1,,865082746118.3505
2024-08-16,PAYROLL-AND-OPERATIONS,PAYROLL304892,891904221.71,,864190841896.6405
2024-08-16,NEFT-RETAIL-STORE-DEPOSIT,NEFT616587,,1147952407.73,865338794304.3705
2024-08-16,TAX-OUTFLOW-ADVANCE,TAX533171,1992701653.95,,863346092650.4205
2024-08-16,NEFT-PETROCHEM-EXPORT,NEFT271539,,1596941067.76,864943033718.1805
2024-08-16,RTGS-JIO-TELECOM-REVENUE,RTGS889150,,825336300.13,865768370018.3105
2024-08-16,RTGS-JIO-TELECOM-REVENUE,RTGS489154,,1856872104.5,867625242122.8105
2024-08-17,PAYROLL-AND-OPERATIONS,PAYROLL764062,972691063.37,,866652551059.4406
2024-08-17,NEFT-RETAIL-STORE-DEPOSIT,NEFT909626,,3754375051.04,870406926110.4806
2024-08-17,PAYROLL-AND-OPERATIONS,PAYROLL953033,1668293695.91,,868738632414.5706
2024-08-17,NEFT-PETROCHEM-EXPORT,NEFT747691,,1765389510.73,870504021925.3005
2024-08-18,TAX-OUTFLOW-ADVANCE,TAX537003,1248150920.4,,869255871004.9005
2024-08-18,PAYROLL-AND-OPERATIONS,PAYROLL281466,428066603.45,,868827804401.4506
2024-08-18,NEFT-PETROCHEM-EXPORT,NEFT878960,,540469730.34,869368274131.7905
2024-08-18,PAYROLL-AND-OPERATIONS,PAYROLL124999,497208611.65,,868871065520.1405
2024-08-19,TAX-OUTFLOW-ADVANCE,TAX910420,1853158955.0,,867017906565.1405
2024-08-19,VENDOR-PAYMENT-CRUDE-OIL,VENDOR730265,1218851880.59,,865799054684.5505
2024-08-19,VENDOR-PAYMENT-CRUDE-OIL,VENDOR252288,553050922.82,,865246003761.7306
2024-08-19,TAX-OUTFLOW-ADVANCE,TAX495639,428488668.47,,864817515093.2606
2024-08-19,NEFT-RETAIL-STORE-DEPOSIT,NEFT493159,,1110906201.78,865928421295.0406
2024-08-19,VENDOR-PAYMENT-CRUDE-OIL,VENDOR368487,492199682.28,,865436221612.7606
2024-08-19,NEFT-RETAIL-STORE-DEPOSIT,NEFT269260,,977310379.37,866413531992.1306
2024-08-19,PAYROLL-AND-OPERATIONS,PAYROLL928310,873621057.91,,865539910934.2206
2024-08-20,VENDOR-PAYMENT-CRUDE-OIL,VENDOR428248,872747153.92,,864667163780.3005
2024-08-20,PAYROLL-AND-OPERATIONS,PAYROLL540485,720142829.37,,863947020950.9305
2024-08-20,VENDOR-PAYMENT-CRUDE-OIL,VENDOR893378,1666561668.36,,862280459282.5706
2024-08-20,NEFT-PETROCHEM-EXPORT,NEFT378222,,3558681378.46,865839140661.0305
2024-08-20,NEFT-RETAIL-STORE-DEPOSIT,NEFT854975,,4000415660.08,869839556321.1105
2024-08-20,NEFT-RETAIL-STORE-DEPOSIT,NEFT520219,,3495785693.88,873335342014.9905
2024-08-21,NEFT-PETROCHEM-EXPORT,NEFT888779,,2836034747.79,876171376762.7805
2024-08-21,NEFT-RETAIL-STORE-DEPOSIT,NEFT670171,,1451379995.01,877622756757.7905
2024-08-21,NEFT-RETAIL-STORE-DEPOSIT,NEFT279966,,1609082736.41,879231839494.2006
2024-08-21,RTGS-JIO-TELECOM-REVENUE,RTGS869260,,1994952681.59,881226792175.7905
2024-08-21,TAX-OUTFLOW-ADVANCE,TAX619836,1276512035.69,,879950280140.1006
2024-08-21,TAX-OUTFLOW-ADVANCE,TAX868408,499667157.64,,879450612982.4606
2024-08-21,TAX-OUTFLOW-ADVANCE,TAX887461,1192520870.47,,878258092111.9906
2024-08-22,TAX-OUTFLOW-ADVANCE,TAX967044,1391333585.42,,876866758526.5706
2024-08-22,NEFT-RETAIL-STORE-DEPOSIT,NEFT930113,,3928097177.92,880794855704.4906
2024-08-22,NEFT-PETROCHEM-EXPORT,NEFT638388,,3731224557.9,884526080262.3906
2024-08-22,RTGS-JIO-TELECOM-REVENUE,RTGS552900,,3832275233.63,888358355496.0206
2024-08-22,VENDOR-PAYMENT-CRUDE-OIL,VENDOR787439,326890161.54,,888031465334.4806
2024-08-23,VENDOR-PAYMENT-CRUDE-OIL,VENDOR641494,365992068.93,,887665473265.5505
2024-08-23,VENDOR-PAYMENT-CRUDE-OIL,VENDOR592623,460518600.28,,887204954665.2705
2024-08-23,PAYROLL-AND-OPERATIONS,PAYROLL736699,836205253.44,,886368749411.8306
2024-08-23,RTGS-JIO-TELECOM-REVENUE,RTGS187648,,1408329188.52,887777078600.3506
2024-08-23,PAYROLL-AND-OPERATIONS,PAYROLL627872,1903296994.83,,885873781605.5206
2024-08-23,RTGS-JIO-TELECOM-REVENUE,RTGS512904,,4224049892.47,890097831497.9906
2024-08-24,RTGS-JIO-TELECOM-REVENUE,RTGS497650,,1229288644.4,891327120142.3906
2024-08-24,PAYROLL-AND-OPERATIONS,PAYROLL149921,1562326434.88,,889764793707.5106
2024-08-25,NEFT-PETROCHEM-EXPORT,NEFT850393,,1850062830.99,891614856538.5006
2024-08-25,TAX-OUTFLOW-ADVANCE,TAX821466,1254438818.21,,890360417720.2906
2024-08-25,VENDOR-PAYMENT-CRUDE-OIL,VENDOR842666,1802420072.97,,888557997647.3207
2024-08-25,NEFT-RETAIL-STORE-DEPOSIT,NEFT182503,,945493959.6,889503491606.9207
2024-08-25,NEFT-RETAIL-STORE-DEPOSIT,NEFT163783,,4525659844.95,894029151451.8706
2024-08-25,NEFT-PETROCHEM-EXPORT,NEFT895876,,4918934862.79,898948086314.6606
2024-08-26,NEFT-PETROCHEM-EXPORT,NEFT205963,,976914267.53,899925000582.1907
2024-08-26,RTGS-JIO-TELECOM-REVENUE,RTGS265872,,2592162078.19,902517162660.3806
2024-08-26,TAX-OUTFLOW-ADVANCE,TAX280049,1076094962.18,,901441067698.2006
2024-08-26,NEFT-PETROCHEM-EXPORT,NEFT947901,,4788698701.17,906229766399.3706
2024-08-26,VENDOR-PAYMENT-CRUDE-OIL,VENDOR145860,533514776.63,,905696251622.7406
2024-08-26,VENDOR-PAYMENT-CRUDE-OIL,VENDOR149705,1535221179.24,,904161030443.5006
2024-08-26,NEFT-RETAIL-STORE-DEPOSIT,NEFT835516,,2632804389.76,906793834833.2606
2024-08-26,NEFT-RETAIL-STORE-DEPOSIT,NEFT194833,,1132387706.47,907926222539.7306
2024-08-27,RTGS-JIO-TELECOM-REVENUE,RTGS804073,,1361272345.95,909287494885.6805
2024-08-27,NEFT-RETAIL-STORE-DEPOSIT,NEFT763498,,2432065732.72,911719560618.4005
2024-08-27,VENDOR-PAYMENT-CRUDE-OIL,VENDOR575335,1493756634.45,,910225803983.9506
2024-08-27,TAX-OUTFLOW-ADVANCE,TAX454845,782159706.14,,909443644277.8105
2024-08-27,TAX-OUTFLOW-ADVANCE,TAX732463,1122050952.68,,908321593325.1305
2024-08-27,VENDOR-PAYMENT-CRUDE-OIL,VENDOR272108,1654007116.32,,906667586208.8105
2024-08-28,VENDOR-PAYMENT-CRUDE-OIL,VENDOR735353,537286239.59,,906130299969.2206
2024-08-28,RTGS-JIO-TELECOM-REVENUE,RTGS635819,,829312721.09,906959612690.3105
2024-08-28,RTGS-JIO-TELECOM-REVENUE,RTGS288228,,1272676956.82,908232289647.1305
2024-08-28,NEFT-RETAIL-STORE-DEPOSIT,NEFT509237,,3079780672.17,911312070319.3005
2024-08-28,RTGS-JIO-TELECOM-REVENUE,RTGS438747,,2671478225.37,913983548544.6705
2024-08-28,PAYROLL-AND-OPERATIONS,PAYROLL937032,1435444886.33,,912548103658.3406
2024-08-28,RTGS-JIO-TELECOM-REVENUE,RTGS690478,,4898240875.34,917446344533.6805
2024-08-28,VENDOR-PAYMENT-CRUDE-OIL,VENDOR568718,1940920181.4,,915505424352.2805
2024-08-28,PAYROLL-AND-OPERATIONS,PAYROLL457314,1921853062.64,,913583571289.6405
2024-08-29,NEFT-PETROCHEM-EXPORT,NEFT473822,,3796242804.05,917379814093.6906
2024-08-29,NEFT-PETROCHEM-EXPORT,NEFT951956,,1542392279.67,918922206373.3606
2024-08-29,PAYROLL-AND-OPERATIONS,PAYROLL202868,996848307.34,,917925358066.0206
2024-08-29,TAX-OUTFLOW-ADVANCE,TAX953469,1698971045.73,,916226387020.2906
2024-08-29,RTGS-JIO-TELECOM-REVENUE,RTGS757840,,2148007202.74,918374394223.0306
2024-08-29,TAX-OUTFLOW-ADVANCE,TAX104898,1172738296.65,,917201655926.3806
2024-08-29,TAX-OUTFLOW-ADVANCE,TAX885940,1209348320.6,,915992307605.7806
2024-08-29,VENDOR-PAYMENT-CRUDE-OIL,VENDOR754944,1055384889.79,,914936922715.9906
2024-08-30,NEFT-PETROCHEM-EXPORT,NEFT996100,,4478106799.33,919415029515.3206
2024-08-30,PAYROLL-AND-OPERATIONS,PAYROLL987465,1657636384.26,,917757393131.0605
2024-08-30,VENDOR-PAYMENT-CRUDE-OIL,VENDOR273070,1753230420.43,,916004162710.6305
2024-08-30,RTGS-JIO-TELECOM-REVENUE,RTGS847309,,3344378568.78,919348541279.4105
2024-08-30,PAYROLL-AND-OPERATIONS,PAYROLL994420,548324120.46,,918800217158.9506
2024-08-30,RTGS-JIO-TELECOM-REVENUE,RTGS368431,,1602427334.52,920402644493.4706
2024-08-30,NEFT-RETAIL-STORE-DEPOSIT,NEFT156850,,4754505947.28,925157150440.7506
2024-08-30,VENDOR-PAYMENT-CRUDE-OIL,VENDOR889533,339870062.06,,924817280378.6906
2024-08-30,VENDOR-PAYMENT-CRUDE-OIL,VENDOR477622,1435608484.83,,923381671893.8606
2024-08-30,PAYROLL-AND-OPERATIONS,PAYROLL458391,811266499.2,,922570405394.6606
2024-08-31,RTGS-JIO-TELECOM-REVENUE,RTGS662463,,766658312.87,923337063707.5306
2024-08-31,PAYROLL-AND-OPERATIONS,PAYROLL946054,978206066.42,,922358857641.1106
2024-08-31,VENDOR-PAYMENT-CRUDE-OIL,VENDOR995379,990201592.38,,921368656048.7306
2024-08-31,VENDOR-PAYMENT-CRUDE-OIL,VENDOR761626,1936148621.33,,919432507427.4006
2024-08-31,RTGS-JIO-TELECOM-REVENUE,RTGS417969,,2647733990.37,922080241417.7706
2024-08-31,VENDOR-PAYMENT-CRUDE-OIL,VENDOR460485,1439044419.83,,920641196997.9407
2024-08-31,NEFT-PETROCHEM-EXPORT,NEFT506340,,4747384760.4,925388581758.3407
2024-09-01,NEFT-RETAIL-STORE-DEPOSIT,NEFT988154,,4399693431.33,929788275189.6707
2024-09-01,RTGS-JIO-TELECOM-REVENUE,RTGS397650,,538611794.69,930326886984.3606
2024-09-01,NEFT-PETROCHEM-EXPORT,NEFT994847,,4963030715.83,935289917700.1906
2024-09-01,PAYROLL-AND-OPERATIONS,PAYROLL614816,1675905295.48,,933614012404.7106
2024-09-01,NEFT-RETAIL-STORE-DEPOSIT,NEFT501727,,804785496.68,934418797901.3906
2024-09-01,RTGS-JIO-TELECOM-REVENUE,RTGS282918,,4983393024.67,939402190926.0607
2024-09-02,NEFT-PETROCHEM-EXPORT,NEFT276307,,4915956879.02,944318147805.0807
2024-09-02,NEFT-RETAIL-STORE-DEPOSIT,NEFT123649,,2459321680.79,946777469485.8707
2024-09-02,RTGS-JIO-TELECOM-REVENUE,RTGS109247,,3721500692.78,950498970178.6508
2024-09-02,TAX-OUTFLOW-ADVANCE,TAX349472,1226678610.84,,949272291567.8108
2024-09-02,PAYROLL-AND-OPERATIONS,PAYROLL731356,436001506.17,,948836290061.6407
2024-09-03,PAYROLL-AND-OPERATIONS,PAYROLL935265,1307910158.33,,947528379903.3108
2024-09-03,RTGS-JIO-TELECOM-REVENUE,RTGS502061,,4040862688.7,951569242592.0107
2024-09-03,TAX-OUTFLOW-ADVANCE,TAX596520,728948755.33,,950840293836.6808
2024-09-03,RTGS-JIO-TELECOM-REVENUE,RTGS473746,,1738791969.84,952579085806.5208
2024-09-03,NEFT-PETROCHEM-EXPORT,NEFT204349,,3551559677.39,956130645483.9108
2024-09-03,TAX-OUTFLOW-ADVANCE,TAX875106,589755523.68,,955540889960.2307
2024-09-03,NEFT-PETROCHEM-EXPORT,NEFT837601,,2811504484.66,958352394444.8907
2024-09-03,TAX-OUTFLOW-ADVANCE,TAX542448,709048458.39,,957643345986.5007
2024-09-03,TAX-OUTFLOW-ADVANCE,TAX549780,500900514.85,,957142445471.6508
2024-09-03,VENDOR-PAYMENT-CRUDE-OIL,VENDOR949423,782904770.57,,956359540701.0808
2024-09-03,TAX-OUTFLOW-ADVANCE,TAX511231,1653326746.3,,954706213954.7808
2024-09-04,RTGS-JIO-TELECOM-REVENUE,RTGS214759,,508211549.32,955214425504.1007
2024-09-04,TAX-OUTFLOW-ADVANCE,TAX248977,1632702439.81,,953581723064.2906
2024-09-04,TAX-OUTFLOW-ADVANCE,TAX261991,688153944.03,,952893569120.2606
2024-09-04,TAX-OUTFLOW-ADVANCE,TAX933001,1749788769.88,,951143780350.3806
2024-09-04,RTGS-JIO-TELECOM-REVENUE,RTGS311218,,940580031.16,952084360381.5406
2024-09-05,RTGS-JIO-TELECOM-REVENUE,RTGS191640,,2923467052.64,955007827434.1807
2024-09-05,NEFT-RETAIL-STORE-DEPOSIT,NEFT877990,,2960725567.22,957968553001.4006
2024-09-05,VENDOR-PAYMENT-CRUDE-OIL,VENDOR796474,1952094179.02,,956016458822.3806
2024-09-05,NEFT-RETAIL-STORE-DEPOSIT,NEFT469385,,2128077780.48,958144536602.8606
2024-09-06,TAX-OUTFLOW-ADVANCE,TAX460181,1005542531.0,,957138994071.8606
2024-09-06,RTGS-JIO-TELECOM-REVENUE,RTGS460541,,3872766012.23,961011760084.0906
2024-09-06,TAX-OUTFLOW-ADVANCE,TAX182505,474599935.35,,960537160148.7406
2024-09-06,RTGS-JIO-TELECOM-REVENUE,RTGS573495,,2018805386.15,962555965534.8906
2024-09-07,TAX-OUTFLOW-ADVANCE,TAX367821,1121180967.88,,961434784567.0106
2024-09-07,RTGS-JIO-TELECOM-REVENUE,RTGS414184,,2471987720.25,963906772287.2606
2024-09-07,VENDOR-PAYMENT-CRUDE-OIL,VENDOR220597,682152123.69,,963224620163.5707
2024-09-07,TAX-OUTFLOW-ADVANCE,TAX773198,1164499416.19,,962060120747.3807
2024-09-07,PAYROLL-AND-OPERATIONS,PAYROLL422963,1177182715.14,,960882938032.2407
2024-09-07,VENDOR-PAYMENT-CRUDE-OIL,VENDOR178532,613178015.5,,960269760016.7407
2024-09-07,VENDOR-PAYMENT-CRUDE-OIL,VENDOR745423,1167132904.74,,959102627112.0007
2024-09-08,VENDOR-PAYMENT-CRUDE-OIL,VENDOR708722,1314754296.15,,957787872815.8507
2024-09-08,NEFT-PETROCHEM-EXPORT,NEFT317360,,3186124961.4,960973997777.2507
2024-09-08,TAX-OUTFLOW-ADVANCE,TAX792619,1766347280.06,,959207650497.1907
2024-09-08,NEFT-RETAIL-STORE-DEPOSIT,NEFT211767,,2731458477.88,961939108975.0707
2024-09-08,NEFT-PETROCHEM-EXPORT,NEFT919638,,4870373885.94,966809482861.0106
2024-09-08,PAYROLL-AND-OPERATIONS,PAYROLL593363,740835458.96,,966068647402.0507
2024-09-08,VENDOR-PAYMENT-CRUDE-OIL,VENDOR280822,319783387.08,,965748864014.9707
2024-09-08,NEFT-RETAIL-STORE-DEPOSIT,NEFT191910,,4193416593.68,969942280608.6508
2024-09-09,VENDOR-PAYMENT-CRUDE-OIL,VENDOR971236,382108915.85,,969560171692.8008
2024-09-09,NEFT-RETAIL-STORE-DEPOSIT,NEFT600733,,3557064002.55,973117235695.3508
2024-09-09,NEFT-PETROCHEM-EXPORT,NEFT214115,,4905185516.44,978022421211.7908
2024-09-09,NEFT-RETAIL-STORE-DEPOSIT,NEFT784428,,2147118128.37,980169539340.1608
2024-09-09,NEFT-RETAIL-STORE-DEPOSIT,NEFT174950,,4962334250.78,985131873590.9408
2024-09-10,RTGS-JIO-TELECOM-REVENUE,RTGS672955,,1037475073.88,986169348664.8208
2024-09-10,NEFT-RETAIL-STORE-DEPOSIT,NEFT575906,,1578983835.69,987748332500.5107
2024-09-10,PAYROLL-AND-OPERATIONS,PAYROLL942441,1361105469.08,,986387227031.4308
2024-09-10,NEFT-PETROCHEM-EXPORT,NEFT681241,,2314866510.4,988702093541.8308
2024-09-10,RTGS-JIO-TELECOM-REVENUE,RTGS844561,,3623812124.86,992325905666.6908
2024-09-10,PAYROLL-AND-OPERATIONS,PAYROLL892819,1100865592.83,,991225040073.8608
2024-09-10,RTGS-JIO-TELECOM-REVENUE,RTGS330847,,1273601415.38,992498641489.2408
2024-09-11,VENDOR-PAYMENT-CRUDE-OIL,VENDOR591013,1066452108.28,,991432189380.9608
2024-09-11,RTGS-JIO-TELECOM-REVENUE,RTGS874361,,2594604406.29,994026793787.2509
2024-09-11,NEFT-PETROCHEM-EXPORT,NEFT483871,,1072168234.74,995098962021.9908
2024-09-11,NEFT-RETAIL-STORE-DEPOSIT,NEFT104937,,4264515266.44,999363477288.4308
2024-09-11,NEFT-PETROCHEM-EXPORT,NEFT999031,,2665238052.29,1002028715340.7208
2024-09-11,NEFT-RETAIL-STORE-DEPOSIT,NEFT464505,,1175520944.62,1003204236285.3408
2024-09-11,RTGS-JIO-TELECOM-REVENUE,RTGS409051,,3605222747.81,1006809459033.1509
2024-09-11,PAYROLL-AND-OPERATIONS,PAYROLL249548,1567416032.15,,1005242043001.0009
2024-09-11,TAX-OUTFLOW-ADVANCE,TAX607521,1858520700.83,,1003383522300.1709
2024-09-11,RTGS-JIO-TELECOM-REVENUE,RTGS241112,,901670190.81,1004285192490.981
2024-09-11,NEFT-RETAIL-STORE-DEPOSIT,NEFT109654,,2017038163.9,1006302230654.881
2024-09-12,VENDOR-PAYMENT-CRUDE-OIL,VENDOR613923,595962622.36,,1005706268032.521
2024-09-12,TAX-OUTFLOW-ADVANCE,TAX877496,1164516070.59,,1004541751961.931
2024-09-12,NEFT-RETAIL-STORE-DEPOSIT,NEFT536059,,1281047948.68,1005822799910.6111
2024-09-12,RTGS-JIO-TELECOM-REVENUE,RTGS292329,,755010612.43,1006577810523.0411
2024-09-12,RTGS-JIO-TELECOM-REVENUE,RTGS990439,,4234196391.86,1010812006914.9011
2024-09-12,VENDOR-PAYMENT-CRUDE-OIL,VENDOR907232,619929940.8,,1010192076974.1011
2024-09-13,RTGS-JIO-TELECOM-REVENUE,RTGS211394,,3100413276.97,1013292490251.071
2024-09-13,NEFT-RETAIL-STORE-DEPOSIT,NEFT779716,,1562494889.5,1014854985140.571
2024-09-13,RTGS-JIO-TELECOM-REVENUE,RTGS580806,,4737508008.99,1019592493149.561
2024-09-13,PAYROLL-AND-OPERATIONS,PAYROLL538600,639075861.29,,1018953417288.271
2024-09-14,NEFT-RETAIL-STORE-DEPOSIT,NEFT309097,,2679593584.87,1021633010873.141
2024-09-14,RTGS-JIO-TELECOM-REVENUE,RTGS517433,,3959102079.45,1025592112952.591
2024-09-14,PAYROLL-AND-OPERATIONS,PAYROLL810343,693722623.13,,1024898390329.4609
2024-09-14,PAYROLL-AND-OPERATIONS,PAYROLL345536,923323130.38,,1023975067199.0809
2024-09-14,PAYROLL-AND-OPERATIONS,PAYROLL815123,992193662.39,,1022982873536.6909
2024-09-14,TAX-OUTFLOW-ADVANCE,TAX463762,1169887248.76,,1021812986287.9309
2024-09-14,VENDOR-PAYMENT-CRUDE-OIL,VENDOR982766,1050488992.18,,1020762497295.7509
2024-09-14,RTGS-JIO-TELECOM-REVENUE,RTGS562316,,1466891465.01,1022229388760.7609
2024-09-15,NEFT-RETAIL-STORE-DEPOSIT,NEFT378978,,1791653011.31,1024021041772.0709
2024-09-15,NEFT-RETAIL-STORE-DEPOSIT,NEFT776002,,4498469856.39,1028519511628.4609
2024-09-15,NEFT-PETROCHEM-EXPORT,NEFT370051,,4968569816.21,1033488081444.6709
2024-09-15,RTGS-JIO-TELECOM-REVENUE,RTGS682771,,2989323700.69,1036477405145.3608
2024-09-15,TAX-OUTFLOW-ADVANCE,TAX190882,1441468806.06,,1035035936339.3008
2024-09-15,TAX-OUTFLOW-ADVANCE,TAX992393,1908253535.63,,1033127682803.6708
2024-09-15,RTGS-JIO-TELECOM-REVENUE,RTGS192929,,4359580438.58,1037487263242.2507
2024-09-16,VENDOR-PAYMENT-CRUDE-OIL,VENDOR770278,1365453442.64,,1036121809799.6107
2024-09-16,TAX-OUTFLOW-ADVANCE,TAX851583,667252919.88,,1035454556879.7307
2024-09-16,VENDOR-PAYMENT-CRUDE-OIL,VENDOR968545,1888205912.91,,1033566350966.8207
2024-09-16,NEFT-RETAIL-STORE-DEPOSIT,NEFT829355,,3755653588.5,1037322004555.3207
2024-09-16,VENDOR-PAYMENT-CRUDE-OIL,VENDOR733261,985929346.26,,1036336075209.0607
2024-09-16,PAYROLL-AND-OPERATIONS,PAYROLL974093,565300344.78,,1035770774864.2806
2024-09-17,VENDOR-PAYMENT-CRUDE-OIL,VENDOR902692,785455193.06,,1034985319671.2206
2024-09-17,PAYROLL-AND-OPERATIONS,PAYROLL780666,1031685362.35,,1033953634308.8706
2024-09-17,NEFT-PETROCHEM-EXPORT,NEFT397058,,3407746555.38,1037361380864.2506
2024-09-17,NEFT-RETAIL-STORE-DEPOSIT,NEFT800159,,1434640453.01,1038796021317.2606
2024-09-17,NEFT-RETAIL-STORE-DEPOSIT,NEFT139313,,1340200910.9,1040136222228.1606
2024-09-17,RTGS-JIO-TELECOM-REVENUE,RTGS850191,,3990794906.97,1044127017135.1306
2024-09-18,NEFT-PETROCHEM-EXPORT,NEFT580632,,2922595816.75,1047049612951.8806
2024-09-18,PAYROLL-AND-OPERATIONS,PAYROLL577840,1082380431.81,,1045967232520.0706
2024-09-18,TAX-OUTFLOW-ADVANCE,TAX946627,560965248.54,,1045406267271.5305
2024-09-18,PAYROLL-AND-OPERATIONS,PAYROLL138891,1856014959.6,,1043550252311.9305
2024-09-19,TAX-OUTFLOW-ADVANCE,TAX823354,1835945810.16,,1041714306501.7705
2024-09-19,NEFT-RETAIL-STORE-DEPOSIT,NEFT922873,,643610440.98,1042357916942.7505
2024-09-19,VENDOR-PAYMENT-CRUDE-OIL,VENDOR272151,1205361396.14,,1041152555546.6105
2024-09-20,PAYROLL-AND-OPERATIONS,PAYROLL329106,1676666339.65,,1039475889206.9604
2024-09-20,VENDOR-PAYMENT-CRUDE-OIL,VENDOR842317,384630338.08,,1039091258868.8805
2024-09-20,RTGS-JIO-TELECOM-REVENUE,RTGS765002,,1714583770.23,1040805842639.1105
2024-09-20,NEFT-PETROCHEM-EXPORT,NEFT645984,,2255317644.99,1043061160284.1005
2024-09-20,VENDOR-PAYMENT-CRUDE-OIL,VENDOR797455,1851373935.94,,1041209786348.1605
2024-09-20,NEFT-RETAIL-STORE-DEPOSIT,NEFT504258,,697332362.47,1041907118710.6305
2024-09-20,PAYROLL-AND-OPERATIONS,PAYROLL788150,1675415541.81,,1040231703168.8204
2024-09-20,TAX-OUTFLOW-ADVANCE,TAX326731,690007942.84,,1039541695225.9805
2024-09-21,VENDOR-PAYMENT-CRUDE-OIL,VENDOR337884,717906619.61,,1038823788606.3705
2024-09-21,NEFT-RETAIL-STORE-DEPOSIT,NEFT391020,,4777004566.38,1043600793172.7505
2024-09-21,RTGS-JIO-TELECOM-REVENUE,RTGS272202,,1926154115.8,1045526947288.5505
2024-09-21,PAYROLL-AND-OPERATIONS,PAYROLL478741,694112959.46,,1044832834329.0906
2024-09-21,PAYROLL-AND-OPERATIONS,PAYROLL706599,1315091295.07,,1043517743034.0206
2024-09-21,NEFT-RETAIL-STORE-DEPOSIT,NEFT870356,,4780523560.58,1048298266594.6006
2024-09-21,TAX-OUTFLOW-ADVANCE,TAX795851,1396244808.64,,1046902021785.9606
2024-09-22,TAX-OUTFLOW-ADVANCE,TAX162611,1162897886.01,,1045739123899.9506
2024-09-22,VENDOR-PAYMENT-CRUDE-OIL,VENDOR462597,420973989.35,,1045318149910.6006
2024-09-22,VENDOR-PAYMENT-CRUDE-OIL,VENDOR966177,318486163.33,,1044999663747.2706
2024-09-22,NEFT-RETAIL-STORE-DEPOSIT,NEFT881812,,3844554069.77,1048844217817.0406
2024-09-22,NEFT-PETROCHEM-EXPORT,NEFT670605,,3933191727.94,1052777409544.9806
2024-09-22,VENDOR-PAYMENT-CRUDE-OIL,VENDOR309084,553601615.8,,1052223807929.1805
2024-09-22,NEFT-RETAIL-STORE-DEPOSIT,NEFT440393,,1749028915.14,1053972836844.3206
2024-09-22,PAYROLL-AND-OPERATIONS,PAYROLL819246,480862677.43,,1053491974166.8905
2024-09-23,PAYROLL-AND-OPERATIONS,PAYROLL323938,1364426968.11,,1052127547198.7805
2024-09-23,TAX-OUTFLOW-ADVANCE,TAX855954,1699770781.53,,1050427776417.2505
2024-09-23,VENDOR-PAYMENT-CRUDE-OIL,VENDOR505558,337124032.29,,1050090652384.9604
2024-09-23,NEFT-PETROCHEM-EXPORT,NEFT294945,,3382539657.17,1053473192042.1305
2024-09-23,RTGS-JIO-TELECOM-REVENUE,RTGS769153,,610631267.73,1054083823309.8605
2024-09-23,VENDOR-PAYMENT-CRUDE-OIL,VENDOR481307,901141988.18,,1053182681321.6804
2024-09-23,VENDOR-PAYMENT-CRUDE-OIL,VENDOR339165,776877471.62,,1052405803850.0604
2024-09-24,VENDOR-PAYMENT-CRUDE-OIL,VENDOR872668,1980714036.46,,1050425089813.6005
2024-09-24,NEFT-PETROCHEM-EXPORT,NEFT740006,,1943735933.14,1052368825746.7405
2024-09-24,TAX-OUTFLOW-ADVANCE,TAX224109,856610841.9,,1051512214904.8405
2024-09-24,NEFT-PETROCHEM-EXPORT,NEFT452279,,3824554590.45,1055336769495.2904
2024-09-24,PAYROLL-AND-OPERATIONS,PAYROLL324526,1206432869.11,,1054130336626.1804
2024-09-24,TAX-OUTFLOW-ADVANCE,TAX902724,1742928681.19,,1052387407944.9905
2024-09-25,TAX-OUTFLOW-ADVANCE,TAX115075,1756282890.8,,1050631125054.1904
2024-09-25,NEFT-PETROCHEM-EXPORT,NEFT931294,,3496817327.41,1054127942381.6005
2024-09-25,TAX-OUTFLOW-ADVANCE,TAX910723,342934868.26,,1053785007513.3405
2024-09-25,PAYROLL-AND-OPERATIONS,PAYROLL700032,1725588308.34,,1052059419205.0005
2024-09-25,RTGS-JIO-TELECOM-REVENUE,RTGS997187,,3206744695.48,1055266163900.4805
2024-09-25,TAX-OUTFLOW-ADVANCE,TAX858246,1987141137.83,,1053279022762.6505
2024-09-26,PAYROLL-AND-OPERATIONS,PAYROLL623679,472057461.2,,1052806965301.4506
2024-09-26,NEFT-RETAIL-STORE-DEPOSIT,NEFT696565,,1238079375.16,1054045044676.6106
2024-09-26,PAYROLL-AND-OPERATIONS,PAYROLL816524,1339304472.15,,1052705740204.4606
2024-09-26,TAX-OUTFLOW-ADVANCE,TAX793882,402210724.93,,1052303529479.5305
2024-09-26,RTGS-JIO-TELECOM-REVENUE,RTGS251991,,1550277453.25,1053853806932.7805
2024-09-26,NEFT-RETAIL-STORE-DEPOSIT,NEFT736349,,1585124059.7,1055438930992.4805
2024-09-26,TAX-OUTFLOW-ADVANCE,TAX552762,789312895.44,,1054649618097.0405
2024-09-26,RTGS-JIO-TELECOM-REVENUE,RTGS938783,,1904466159.51,1056554084256.5505
2024-09-26,RTGS-JIO-TELECOM-REVENUE,RTGS620799,,4276604156.4,1060830688412.9506
2024-09-26,VENDOR-PAYMENT-CRUDE-OIL,VENDOR168840,845716148.35,,1059984972264.6006
2024-09-26,TAX-OUTFLOW-ADVANCE,TAX799924,1382494693.05,,1058602477571.5505
2024-09-27,PAYROLL-AND-OPERATIONS,PAYROLL978873,809384374.05,,1057793093197.5005
2024-09-27,NEFT-PETROCHEM-EXPORT,NEFT366685,,4733440717.07,1062526533914.5704
2024-09-28,TAX-OUTFLOW-ADVANCE,TAX385513,664033472.81,,1061862500441.7604
2024-09-28,RTGS-JIO-TELECOM-REVENUE,RTGS197182,,4463621968.13,1066326122409.8904
2024-09-28,NEFT-PETROCHEM-EXPORT,NEFT404816,,4824976686.0,1071151099095.8904
2024-09-28,NEFT-RETAIL-STORE-DEPOSIT,NEFT978949,,659884689.12,1071810983785.0104
2024-09-28,TAX-OUTFLOW-ADVANCE,TAX430469,1483503564.79,,1070327480220.2203
2024-09-29,NEFT-PETROCHEM-EXPORT,NEFT122118,,1916703138.65,1072244183358.8704
2024-09-29,VENDOR-PAYMENT-CRUDE-OIL,VENDOR123564,348929203.87,,1071895254155.0004
2024-09-29,NEFT-PETROCHEM-EXPORT,NEFT830446,,2591892817.98,1074487146972.9803
2024-09-29,NEFT-PETROCHEM-EXPORT,NEFT599900,,2338734410.68,1076825881383.6604
2024-09-30,RTGS-JIO-TELECOM-REVENUE,RTGS302584,,3061158757.56,1079887040141.2205
2024-09-30,RTGS-JIO-TELECOM-REVENUE,RTGS182473,,4700666644.01,1084587706785.2305
2024-09-30,NEFT-RETAIL-STORE-DEPOSIT,NEFT989186,,875518946.27,1085463225731.5005
2024-09-30,NEFT-RETAIL-STORE-DEPOSIT,NEFT749805,,2303749621.05,1087766975352.5505
2024-09-30,NEFT-PETROCHEM-EXPORT,NEFT812473,,3132926079.91,1090899901432.4606
2024-09-30,TAX-OUTFLOW-ADVANCE,TAX390117,1489081454.12,,1089410819978.3406
2024-09-30,RTGS-JIO-TELECOM-REVENUE,RTGS202946,,2614977764.41,1092025797742.7506
2024-09-30,RTGS-JIO-TELECOM-REVENUE,RTGS682767,,1670494191.76,1093696291934.5106
2024-09-30,PAYROLL-AND-OPERATIONS,PAYROLL300838,1211702953.49,,1092484588981.0206
2024-09-30,NEFT-PETROCHEM-EXPORT,NEFT204307,,1826126699.34,1094310715680.3606
2024-10-01,NEFT-PETROCHEM-EXPORT,NEFT135495,,3543755121.17,1097854470801.5306
2024-10-01,TAX-OUTFLOW-ADVANCE,TAX455938,1403955642.84,,1096450515158.6907
2024-10-01,VENDOR-PAYMENT-CRUDE-OIL,VENDOR657923,1704892973.15,,1094745622185.5406
2024-10-01,TAX-OUTFLOW-ADVANCE,TAX722408,993866038.6,,1093751756146.9407
2024-10-01,NEFT-RETAIL-STORE-DEPOSIT,NEFT941404,,1660022762.12,1095411778909.0607
2024-10-01,NEFT-PETROCHEM-EXPORT,NEFT547463,,3994280326.86,1099406059235.9207
2024-10-01,NEFT-RETAIL-STORE-DEPOSIT,NEFT111743,,1220227058.67,1100626286294.5906
2024-10-01,RTGS-JIO-TELECOM-REVENUE,RTGS334423,,1598596764.13,1102224883058.7205
2024-10-02,VENDOR-PAYMENT-CRUDE-OIL,VENDOR145487,1202710526.6,,1101022172532.1204
2024-10-02,TAX-OUTFLOW-ADVANCE,TAX148296,496946136.7,,1100525226395.4204
2024-10-02,PAYROLL-AND-OPERATIONS,PAYROLL796896,409222460.62,,1100116003934.8003
2024-10-02,NEFT-RETAIL-STORE-DEPOSIT,NEFT697065,,2278853206.87,1102394857141.6704
2024-10-02,RTGS-JIO-TELECOM-REVENUE,RTGS425441,,2848230229.7,1105243087371.3704
2024-10-02,TAX-OUTFLOW-ADVANCE,TAX727383,1758244343.83,,1103484843027.5403
2024-10-02,NEFT-RETAIL-STORE-DEPOSIT,NEFT648656,,1525707347.13,1105010550374.6702
2024-10-02,VENDOR-PAYMENT-CRUDE-OIL,VENDOR428979,1591181722.82,,1103419368651.85
2024-10-02,VENDOR-PAYMENT-CRUDE-OIL,VENDOR150596,1643624509.67,,1101775744142.1802
2024-10-03,TAX-OUTFLOW-ADVANCE,TAX444051,1675495981.68,,1100100248160.5002
2024-10-03,RTGS-JIO-TELECOM-REVENUE,RTGS952720,,3110861291.97,1103211109452.4702
2024-10-03,VENDOR-PAYMENT-CRUDE-OIL,VENDOR883965,342345567.8,,1102868763884.6702
2024-10-03,NEFT-RETAIL-STORE-DEPOSIT,NEFT957409,,2774431385.72,1105643195270.3901
2024-10-03,NEFT-PETROCHEM-EXPORT,NEFT401198,,2141810473.44,1107785005743.83
2024-10-03,NEFT-PETROCHEM-EXPORT,NEFT889975,,3111564801.16,1110896570544.99
2024-10-03,PAYROLL-AND-OPERATIONS,PAYROLL105894,743151145.08,,1110153419399.91
2024-10-04,PAYROLL-AND-OPERATIONS,PAYROLL218831,763269186.06,,1109390150213.8499
2024-10-04,PAYROLL-AND-OPERATIONS,PAYROLL479676,1234167693.48,,1108155982520.3699
2024-10-04,PAYROLL-AND-OPERATIONS,PAYROLL452173,562430087.31,,1107593552433.0598
2024-10-04,PAYROLL-AND-OPERATIONS,PAYROLL612952,1094029920.65,,1106499522512.41
2024-10-05,NEFT-RETAIL-STORE-DEPOSIT,NEFT953762,,1270046212.98,1107769568725.39
2024-10-05,PAYROLL-AND-OPERATIONS,PAYROLL445182,798865407.99,,1106970703317.4
2024-10-05,NEFT-PETROCHEM-EXPORT,NEFT860044,,955122254.02,1107925825571.42
2024-10-05,TAX-OUTFLOW-ADVANCE,TAX160414,502022776.98,,1107423802794.44
2024-10-05,NEFT-PETROCHEM-EXPORT,NEFT806110,,2631125006.91,1110054927801.3499
2024-10-05,NEFT-RETAIL-STORE-DEPOSIT,NEFT696263,,2469927921.58,1112524855722.93
2024-10-05,RTGS-JIO-TELECOM-REVENUE,RTGS176268,,4912632864.0,1117437488586.93
2024-10-05,RTGS-JIO-TELECOM-REVENUE,RTGS538167,,2259793440.48,1119697282027.41
2024-10-06,RTGS-JIO-TELECOM-REVENUE,RTGS458120,,1099157820.37,1120796439847.78
2024-10-06,VENDOR-PAYMENT-CRUDE-OIL,VENDOR909677,1392461472.86,,1119403978374.92
2024-10-06,NEFT-PETROCHEM-EXPORT,NEFT379249,,3740242888.67,1123144221263.5898
2024-10-06,NEFT-RETAIL-STORE-DEPOSIT,NEFT471659,,3402480625.75,1126546701889.3398
2024-10-07,NEFT-PETROCHEM-EXPORT,NEFT875454,,3685538084.66,1130232239973.9998
2024-10-07,VENDOR-PAYMENT-CRUDE-OIL,VENDOR983207,1354114856.56,,1128878125117.4397
2024-10-07,PAYROLL-AND-OPERATIONS,PAYROLL942426,1043832554.75,,1127834292562.6897
2024-10-07,PAYROLL-AND-OPERATIONS,PAYROLL136898,1936901779.76,,1125897390782.9297
2024-10-07,NEFT-PETROCHEM-EXPORT,NEFT601516,,3185712428.88,1129083103211.8096
2024-10-07,PAYROLL-AND-OPERATIONS,PAYROLL584571,582310347.32,,1128500792864.4895
2024-10-07,NEFT-PETROCHEM-EXPORT,NEFT781978,,3641106611.66,1132141899476.1494
2024-10-07,NEFT-RETAIL-STORE-DEPOSIT,NEFT981269,,1187671940.76,1133329571416.9094
2024-10-07,PAYROLL-AND-OPERATIONS,PAYROLL245539,656532808.77,,1132673038608.1394
2024-10-07,TAX-OUTFLOW-ADVANCE,TAX173498,1089529175.75,,1131583509432.3894
2024-10-07,TAX-OUTFLOW-ADVANCE,TAX533094,865476826.52,,1130718032605.8694
2024-10-07,RTGS-JIO-TELECOM-REVENUE,RTGS136902,,2560608228.32,1133278640834.1895
2024-10-07,TAX-OUTFLOW-ADVANCE,TAX522203,916590516.0,,1132362050318.1895
2024-10-07,TAX-OUTFLOW-ADVANCE,TAX387961,404112627.44,,1131957937690.7495
2024-10-08,PAYROLL-AND-OPERATIONS,PAYROLL913340,306133708.4,,1131651803982.3496
2024-10-08,TAX-OUTFLOW-ADVANCE,TAX816404,564792717.93,,1131087011264.4197
2024-10-08,NEFT-RETAIL-STORE-DEPOSIT,NEFT919189,,2621887262.13,1133708898526.5496
2024-10-09,NEFT-RETAIL-STORE-DEPOSIT,NEFT210436,,3617746226.79,1137326644753.3396
2024-10-09,RTGS-JIO-TELECOM-REVENUE,RTGS279422,,1708136407.21,1139034781160.5496
2024-10-09,RTGS-JIO-TELECOM-REVENUE,RTGS409611,,1783942917.45,1140818724077.9995
2024-10-09,NEFT-PETROCHEM-EXPORT,NEFT865584,,4839133925.66,1145657858003.6594
2024-10-09,NEFT-PETROCHEM-EXPORT,NEFT145026,,3945454850.31,1149603312853.9695
2024-10-09,TAX-OUTFLOW-ADVANCE,TAX170730,1355969991.37,,1148247342862.5994
2024-10-10,TAX-OUTFLOW-ADVANCE,TAX813470,1657093370.68,,1146590249491.9194
2024-10-10,TAX-OUTFLOW-ADVANCE,TAX184457,930771687.94,,1145659477803.9795
2024-10-10,VENDOR-PAYMENT-CRUDE-OIL,VENDOR212098,730761058.64,,1144928716745.3396
2024-10-10,PAYROLL-AND-OPERATIONS,PAYROLL995574,581884689.78,,1144346832055.5596
2024-10-10,NEFT-PETROCHEM-EXPORT,NEFT875965,,4889301421.13,1149236133476.6895
2024-10-10,VENDOR-PAYMENT-CRUDE-OIL,VENDOR428758,1931665259.62,,1147304468217.0693
2024-10-10,TAX-OUTFLOW-ADVANCE,TAX704631,845526576.56,,1146458941640.5093
2024-10-10,NEFT-RETAIL-STORE-DEPOSIT,NEFT240202,,2104930696.33,1148563872336.8394
2024-10-11,VENDOR-PAYMENT-CRUDE-OIL,VENDOR237752,1881105706.45,,1146682766630.3894
2024-10-11,RTGS-JIO-TELECOM-REVENUE,RTGS431744,,733891651.97,1147416658282.3594
2024-10-11,RTGS-JIO-TELECOM-REVENUE,RTGS167796,,3095987722.32,1150512646004.6794
2024-10-11,VENDOR-PAYMENT-CRUDE-OIL,VENDOR613537,1903644231.29,,1148609001773.3894
2024-10-11,VENDOR-PAYMENT-CRUDE-OIL,VENDOR917355,1838046731.27,,1146770955042.1194
2024-10-11,NEFT-PETROCHEM-EXPORT,NEFT251665,,1504454377.53,1148275409419.6494
2024-10-11,PAYROLL-AND-OPERATIONS,PAYROLL484374,1023028006.06,,1147252381413.5894
2024-10-11,RTGS-JIO-TELECOM-REVENUE,RTGS763468,,2657135893.19,1149909517306.7793
2024-10-11,RTGS-JIO-TELECOM-REVENUE,RTGS721272,,3276166773.06,1153185684079.8394
2024-10-11,VENDOR-PAYMENT-CRUDE-OIL,VENDOR711808,737615445.45,,1152448068634.3894
2024-10-12,VENDOR-PAYMENT-CRUDE-OIL,VENDOR626258,1180615499.02,,1151267453135.3694
2024-10-12,RTGS-JIO-TELECOM-REVENUE,RTGS170649,,2867158001.13,1154134611136.4993
2024-10-12,NEFT-PETROCHEM-EXPORT,NEFT562093,,1337174339.24,1155471785475.7393
2024-10-12,RTGS-JIO-TELECOM-REVENUE,RTGS400881,,2046312639.92,1157518098115.6592
2024-10-12,RTGS-JIO-TELECOM-REVENUE,RTGS455821,,3953798574.26,1161471896689.9192
2024-10-12,NEFT-RETAIL-STORE-DEPOSIT,NEFT958488,,3115982730.76,1164587879420.6792
2024-10-12,NEFT-PETROCHEM-EXPORT,NEFT262047,,4925615360.07,1169513494780.7493
2024-10-13,NEFT-RETAIL-STORE-DEPOSIT,NEFT160234,,2711608615.49,1172225103396.2393
2024-10-13,RTGS-JIO-TELECOM-REVENUE,RTGS867231,,4582807135.58,1176807910531.8193
2024-10-13,NEFT-PETROCHEM-EXPORT,NEFT324974,,1410025070.58,1178217935602.3994
2024-10-13,PAYROLL-AND-OPERATIONS,PAYROLL639743,1698135859.63,,1176519799742.7695
2024-10-13,VENDOR-PAYMENT-CRUDE-OIL,VENDOR757131,580692891.46,,1175939106851.3096
2024-10-13,NEFT-PETROCHEM-EXPORT,NEFT234188,,980595044.7,1176919701896.0095
2024-10-14,RTGS-JIO-TELECOM-REVENUE,RTGS691102,,663142495.24,1177582844391.2495
2024-10-14,NEFT-PETROCHEM-EXPORT,NEFT258420,,3526339564.34,1181109183955.5896
2024-10-14,VENDOR-PAYMENT-CRUDE-OIL,VENDOR954007,378410772.66,,1180730773182.9297
2024-10-14,RTGS-JIO-TELECOM-REVENUE,RTGS651000,,1463035926.14,1182193809109.0696
2024-10-14,NEFT-RETAIL-STORE-DEPOSIT,NEFT161998,,3057004757.05,1185250813866.1196
2024-10-14,TAX-OUTFLOW-ADVANCE,TAX683108,717324489.89,,1184533489376.2297
2024-10-14,TAX-OUTFLOW-ADVANCE,TAX983160,369557803.73,,1184163931572.4998
2024-10-14,NEFT-PETROCHEM-EXPORT,NEFT445409,,3268462197.01,1187432393769.5098
2024-10-14,VENDOR-PAYMENT-CRUDE-OIL,VENDOR406412,1709367847.31,,1185723025922.1997
2024-10-14,NEFT-PETROCHEM-EXPORT,NEFT737272,,2573255638.07,1188296281560.2698
2024-10-15,PAYROLL-AND-OPERATIONS,PAYROLL706381,604119126.68,,1187692162433.5898
2024-10-15,PAYROLL-AND-OPERATIONS,PAYROLL372139,1274490587.16,,1186417671846.43
2024-10-15,TAX-OUTFLOW-ADVANCE,TAX783238,1147455098.06,,1185270216748.3699
2024-10-15,VENDOR-PAYMENT-CRUDE-OIL,VENDOR223733,325367669.96,,1184944849078.41
2024-10-15,NEFT-PETROCHEM-EXPORT,NEFT673275,,3989233603.03,1188934082681.44
2024-10-15,NEFT-PETROCHEM-EXPORT,NEFT905360,,4231781420.09,1193165864101.53
2024-10-15,NEFT-RETAIL-STORE-DEPOSIT,NEFT155656,,3510941522.36,1196676805623.8901
2024-10-15,NEFT-RETAIL-STORE-DEPOSIT,NEFT342052,,4502779235.28,1201179584859.1702
2024-10-15,NEFT-RETAIL-STORE-DEPOSIT,NEFT481080,,4422181177.8,1205601766036.9702
2024-10-15,NEFT-PETROCHEM-EXPORT,NEFT972396,,4633909153.0,1210235675189.9702
2024-10-15,RTGS-JIO-TELECOM-REVENUE,RTGS661233,,2263647327.43,1212499322517.4001
2024-10-15,VENDOR-PAYMENT-CRUDE-OIL,VENDOR435325,1535988297.88,,1210963334219.5203
2024-10-15,VENDOR-PAYMENT-CRUDE-OIL,VENDOR292411,598689403.74,,1210364644815.7803
2024-10-16,VENDOR-PAYMENT-CRUDE-OIL,VENDOR402996,1336564252.78,,1209028080563.0002
2024-10-16,TAX-OUTFLOW-ADVANCE,TAX878746,317271263.26,,1208710809299.7402
2024-10-16,RTGS-JIO-TELECOM-REVENUE,RTGS134082,,2180042553.22,1210890851852.9602
2024-10-16,TAX-OUTFLOW-ADVANCE,TAX983295,818619000.21,,1210072232852.7502
2024-10-16,VENDOR-PAYMENT-CRUDE-OIL,VENDOR322074,1309159161.76,,1208763073690.9902
2024-10-16,NEFT-PETROCHEM-EXPORT,NEFT673752,,1455809022.72,1210218882713.7102
2024-10-16,NEFT-PETROCHEM-EXPORT,NEFT403578,,3642687174.56,1213861569888.2703
2024-10-17,NEFT-PETROCHEM-EXPORT,NEFT217341,,4717845428.01,1218579415316.2803
2024-10-17,RTGS-JIO-TELECOM-REVENUE,RTGS327166,,4426585828.44,1223006001144.7202
2024-10-17,NEFT-RETAIL-STORE-DEPOSIT,NEFT158944,,3447565826.8,1226453566971.5203
2024-10-17,NEFT-RETAIL-STORE-DEPOSIT,NEFT941939,,693293632.85,1227146860604.3704
2024-10-17,NEFT-PETROCHEM-EXPORT,NEFT521748,,3748317131.43,1230895177735.8003
2024-10-17,NEFT-RETAIL-STORE-DEPOSIT,NEFT995344,,2756982801.03,1233652160536.8303
2024-10-17,RTGS-JIO-TELECOM-REVENUE,RTGS393819,,727067506.5,1234379228043.3303
2024-10-17,PAYROLL-AND-OPERATIONS,PAYROLL160150,937816788.16,,1233441411255.1704
2024-10-18,VENDOR-PAYMENT-CRUDE-OIL,VENDOR965783,1958783612.8,,1231482627642.3704
2024-10-18,TAX-OUTFLOW-ADVANCE,TAX146176,560326423.72,,1230922301218.6504
2024-10-18,RTGS-JIO-TELECOM-REVENUE,RTGS528289,,3736989869.76,1234659291088.4104
2024-10-18,NEFT-RETAIL-STORE-DEPOSIT,NEFT251775,,1129959778.62,1235789250867.0305
2024-10-18,VENDOR-PAYMENT-CRUDE-OIL,VENDOR481151,1423218485.39,,1234366032381.6406
2024-10-18,NEFT-RETAIL-STORE-DEPOSIT,NEFT859101,,4054532451.52,1238420564833.1606
2024-10-18,PAYROLL-AND-OPERATIONS,PAYROLL784734,985606900.23,,1237434957932.9307
2024-10-18,NEFT-RETAIL-STORE-DEPOSIT,NEFT724636,,4623914287.61,1242058872220.5408
2024-10-18,TAX-OUTFLOW-ADVANCE,TAX439622,335615645.76,,1241723256574.7808
2024-10-18,VENDOR-PAYMENT-CRUDE-OIL,VENDOR710739,1818004458.46,,1239905252116.3208
2024-10-18,VENDOR-PAYMENT-CRUDE-OIL,VENDOR878557,1145152540.98,,1238760099575.3408
2024-10-19,VENDOR-PAYMENT-CRUDE-OIL,VENDOR414864,1961593530.06,,1236798506045.2808
2024-10-19,VENDOR-PAYMENT-CRUDE-OIL,VENDOR982340,433186464.48,,1236365319580.8008
2024-10-19,TAX-OUTFLOW-ADVANCE,TAX711946,556217982.91,,1235809101597.8909
2024-10-19,RTGS-JIO-TELECOM-REVENUE,RTGS521218,,4880168887.57,1240689270485.461
2024-10-19,TAX-OUTFLOW-ADVANCE,TAX636673,1210183749.67,,1239479086735.791
2024-10-19,PAYROLL-AND-OPERATIONS,PAYROLL231430,1913125625.6,,1237565961110.191
2024-10-20,VENDOR-PAYMENT-CRUDE-OIL,VENDOR853377,1475392942.45,,1236090568167.741
2024-10-20,PAYROLL-AND-OPERATIONS,PAYROLL605192,1146456857.1,,1234944111310.6409
2024-10-20,TAX-OUTFLOW-ADVANCE,TAX498942,514971036.79,,1234429140273.8508
2024-10-20,TAX-OUTFLOW-ADVANCE,TAX709038,1482205876.49,,1232946934397.3608
2024-10-20,NEFT-PETROCHEM-EXPORT,NEFT619345,,3087143807.73,1236034078205.0908
2024-10-20,PAYROLL-AND-OPERATIONS,PAYROLL299004,1220126847.86,,1234813951357.2307
2024-10-20,RTGS-JIO-TELECOM-REVENUE,RTGS986740,,3107078879.8,1237921030237.0308
2024-10-20,VENDOR-PAYMENT-CRUDE-OIL,VENDOR181742,1482292591.88,,1236438737645.151
2024-10-20,NEFT-RETAIL-STORE-DEPOSIT,NEFT709476,,1372268463.77,1237811006108.921
2024-10-20,VENDOR-PAYMENT-CRUDE-OIL,VENDOR777053,777545031.08,,1237033461077.8408
2024-10-20,NEFT-PETROCHEM-EXPORT,NEFT324359,,1346035154.18,1238379496232.0208
2024-10-21,NEFT-PETROCHEM-EXPORT,NEFT999399,,3654824551.84,1242034320783.8608
2024-10-21,RTGS-JIO-TELECOM-REVENUE,RTGS842007,,3440384732.17,1245474705516.0308
2024-10-21,NEFT-PETROCHEM-EXPORT,NEFT663392,,4891230013.82,1250365935529.8508
2024-10-21,NEFT-PETROCHEM-EXPORT,NEFT654739,,3786886835.35,1254152822365.201
2024-10-21,TAX-OUTFLOW-ADVANCE,TAX280314,720282608.5,,1253432539756.701
2024-10-21,NEFT-PETROCHEM-EXPORT,NEFT157576,,3979330563.46,1257411870320.161
2024-10-21,TAX-OUTFLOW-ADVANCE,TAX392705,1303397005.32,,1256108473314.8408
2024-10-21,NEFT-PETROCHEM-EXPORT,NEFT140039,,635084214.15,1256743557528.9907
2024-10-21,PAYROLL-AND-OPERATIONS,PAYROLL425998,1481479634.8,,1255262077894.1907
2024-10-21,TAX-OUTFLOW-ADVANCE,TAX277046,1356452982.4,,1253905624911.7908
2024-10-22,NEFT-RETAIL-STORE-DEPOSIT,NEFT490445,,807285773.35,1254712910685.1409
2024-10-22,NEFT-PETROCHEM-EXPORT,NEFT172974,,4585508312.14,1259298418997.2808
2024-10-22,NEFT-RETAIL-STORE-DEPOSIT,NEFT430110,,2068602771.39,1261367021768.6707
2024-10-22,RTGS-JIO-TELECOM-REVENUE,RTGS932286,,2295940409.91,1263662962178.5806
2024-10-22,TAX-OUTFLOW-ADVANCE,TAX860378,346048590.44,,1263316913588.1406
2024-10-22,RTGS-JIO-TELECOM-REVENUE,RTGS291087,,3480127208.0,1266797040796.1406
2024-10-22,NEFT-PETROCHEM-EXPORT,NEFT244014,,4169320255.13,1270966361051.2705
2024-10-23,RTGS-JIO-TELECOM-REVENUE,RTGS950065,,1599573159.41,1272565934210.6804
2024-10-23,TAX-OUTFLOW-ADVANCE,TAX945857,585773748.27,,1271980160462.4104
2024-10-23,VENDOR-PAYMENT-CRUDE-OIL,VENDOR770887,702207923.31,,1271277952539.1003
2024-10-23,RTGS-JIO-TELECOM-REVENUE,RTGS739407,,1106931388.79,1272384883927.8904
2024-10-23,VENDOR-PAYMENT-CRUDE-OIL,VENDOR689993,339372564.25,,1272045511363.6404
2024-10-24,TAX-OUTFLOW-ADVANCE,TAX591246,646456320.13,,1271399055043.5105
2024-10-24,NEFT-PETROCHEM-EXPORT,NEFT376314,,2004788300.27,1273403843343.7805
2024-10-24,NEFT-PETROCHEM-EXPORT,NEFT728268,,2941170271.39,1276345013615.1704
2024-10-24,RTGS-JIO-TELECOM-REVENUE,RTGS328449,,2022306382.55,1278367319997.7205
2024-10-24,TAX-OUTFLOW-ADVANCE,TAX689153,393592389.55,,1277973727608.1704
2024-10-24,TAX-OUTFLOW-ADVANCE,TAX400891,689931075.4,,1277283796532.7705
2024-10-24,PAYROLL-AND-OPERATIONS,PAYROLL708260,1572878294.18,,1275710918238.5906
2024-10-24,RTGS-JIO-TELECOM-REVENUE,RTGS656966,,1684684286.43,1277395602525.0205
2024-10-24,NEFT-RETAIL-STORE-DEPOSIT,NEFT925041,,834218082.19,1278229820607.2104
2024-10-24,RTGS-JIO-TELECOM-REVENUE,RTGS687471,,4562957140.79,1282792777748.0005
2024-10-24,RTGS-JIO-TELECOM-REVENUE,RTGS287212,,746848048.54,1283539625796.5405
2024-10-24,PAYROLL-AND-OPERATIONS,PAYROLL408837,394116625.48,,1283145509171.0605
2024-10-24,VENDOR-PAYMENT-CRUDE-OIL,VENDOR548050,1022781508.23,,1282122727662.8306
2024-10-24,RTGS-JIO-TELECOM-REVENUE,RTGS137628,,3123911643.67,1285246639306.5005
2024-10-24,VENDOR-PAYMENT-CRUDE-OIL,VENDOR423410,1821308760.49,,1283425330546.0105
2024-10-25,PAYROLL-AND-OPERATIONS,PAYROLL654324,840350009.93,,1282584980536.0806
2024-10-25,VENDOR-PAYMENT-CRUDE-OIL,VENDOR855183,617321086.78,,1281967659449.3005
2024-10-25,NEFT-PETROCHEM-EXPORT,NEFT606585,,4296912032.73,1286264571482.0305
2024-10-25,NEFT-PETROCHEM-EXPORT,NEFT116250,,1346639086.18,1287611210568.2104
2024-10-25,NEFT-PETROCHEM-EXPORT,NEFT845991,,3783365346.78,1291394575914.9905
2024-10-26,PAYROLL-AND-OPERATIONS,PAYROLL542603,1723684921.66,,1289670890993.3306
2024-10-26,RTGS-JIO-TELECOM-REVENUE,RTGS988714,,3385206692.04,1293056097685.3706
2024-10-26,NEFT-RETAIL-STORE-DEPOSIT,NEFT470922,,1919593547.72,1294975691233.0906
2024-10-26,NEFT-RETAIL-STORE-DEPOSIT,NEFT119784,,1195828475.72,1296171519708.8105
2024-10-26,RTGS-JIO-TELECOM-REVENUE,RTGS113030,,4540252689.55,1300711772398.3606
2024-10-26,PAYROLL-AND-OPERATIONS,PAYROLL571536,1265773357.1,,1299445999041.2605
2024-10-26,TAX-OUTFLOW-ADVANCE,TAX367695,959116924.56,,1298486882116.7004
2024-10-27,PAYROLL-AND-OPERATIONS,PAYROLL303616,586102102.67,,1297900780014.0305
2024-10-27,PAYROLL-AND-OPERATIONS,PAYROLL219266,533066265.85,,1297367713748.1804
2024-10-27,PAYROLL-AND-OPERATIONS,PAYROLL665468,1106898034.17,,1296260815714.0105
2024-10-27,TAX-OUTFLOW-ADVANCE,TAX211402,1399308969.89,,1294861506744.1206
2024-10-27,TAX-OUTFLOW-ADVANCE,TAX314904,1930959358.01,,1292930547386.1106
2024-10-27,VENDOR-PAYMENT-CRUDE-OIL,VENDOR784087,1621636587.95,,1291308910798.1606
2024-10-27,NEFT-RETAIL-STORE-DEPOSIT,NEFT768273,,4444408673.86,1295753319472.0208
2024-10-27,NEFT-PETROCHEM-EXPORT,NEFT228505,,3585402446.22,1299338721918.2407
2024-10-27,NEFT-PETROCHEM-EXPORT,NEFT594368,,1431629704.94,1300770351623.1807
2024-10-27,RTGS-JIO-TELECOM-REVENUE,RTGS592954,,2936994427.0,1303707346050.1807
2024-10-27,TAX-OUTFLOW-ADVANCE,TAX245045,856171663.86,,1302851174386.3206
2024-10-27,NEFT-RETAIL-STORE-DEPOSIT,NEFT528149,,3724422514.3,1306575596900.6206
2024-10-27,TAX-OUTFLOW-ADVANCE,TAX740859,1158505427.67,,1305417091472.9507
2024-10-27,RTGS-JIO-TELECOM-REVENUE,RTGS204404,,3430011630.58,1308847103103.5308
2024-10-28,RTGS-JIO-TELECOM-REVENUE,RTGS695978,,2445150012.7,1311292253116.2307
2024-10-28,VENDOR-PAYMENT-CRUDE-OIL,VENDOR613392,1845242294.5,,1309447010821.7307
2024-10-28,NEFT-RETAIL-STORE-DEPOSIT,NEFT311966,,4676963343.05,1314123974164.7808
2024-10-28,PAYROLL-AND-OPERATIONS,PAYROLL579330,1274939225.47,,1312849034939.3108
2024-10-28,VENDOR-PAYMENT-CRUDE-OIL,VENDOR460221,1581153702.6,,1311267881236.7107
2024-10-28,PAYROLL-AND-OPERATIONS,PAYROLL947926,1498609258.84,,1309769271977.8706
2024-10-28,NEFT-RETAIL-STORE-DEPOSIT,NEFT209844,,4242512473.25,1314011784451.1206
2024-10-28,NEFT-PETROCHEM-EXPORT,NEFT481846,,1065334701.47,1315077119152.5906
2024-10-28,PAYROLL-AND-OPERATIONS,PAYROLL777414,422029076.54,,1314655090076.0505
2024-10-28,TAX-OUTFLOW-ADVANCE,TAX135883,1823430903.04,,1312831659173.0105
2024-10-28,RTGS-JIO-TELECOM-REVENUE,RTGS998478,,4265786921.24,1317097446094.2505
2024-10-28,RTGS-JIO-TELECOM-REVENUE,RTGS958794,,3466744955.79,1320564191050.0405
2024-10-29,NEFT-RETAIL-STORE-DEPOSIT,NEFT888267,,2319814237.07,1322884005287.1106
2024-10-29,PAYROLL-AND-OPERATIONS,PAYROLL652545,1259708087.47,,1321624297199.6406
2024-10-29,NEFT-PETROCHEM-EXPORT,NEFT190242,,4662639347.34,1326286936546.9807
2024-10-29,NEFT-RETAIL-STORE-DEPOSIT,NEFT885335,,3241683802.34,1329528620349.3208
2024-10-29,TAX-OUTFLOW-ADVANCE,TAX825033,1674604948.22,,1327854015401.1008
2024-10-29,NEFT-RETAIL-STORE-DEPOSIT,NEFT201253,,921571837.33,1328775587238.431
2024-10-29,RTGS-JIO-TELECOM-REVENUE,RTGS664896,,4876430604.14,1333652017842.5708
2024-10-30,VENDOR-PAYMENT-CRUDE-OIL,VENDOR107977,1859455457.7,,1331792562384.8708
2024-10-30,PAYROLL-AND-OPERATIONS,PAYROLL535389,1223376745.04,,1330569185639.8308
2024-10-30,VENDOR-PAYMENT-CRUDE-OIL,VENDOR609692,1511144644.62,,1329058040995.2107
2024-10-30,NEFT-RETAIL-STORE-DEPOSIT,NEFT477235,,948366112.67,1330006407107.8806
2024-10-30,NEFT-RETAIL-STORE-DEPOSIT,NEFT837678,,4291335742.08,1334297742849.9607
2024-10-30,PAYROLL-AND-OPERATIONS,PAYROLL392308,469588490.23,,1333828154359.7307
2024-10-30,NEFT-PETROCHEM-EXPORT,NEFT656851,,3907380056.17,1337735534415.9006
2024-10-30,VENDOR-PAYMENT-CRUDE-OIL,VENDOR818253,488194832.31,,1337247339583.5906
2024-10-31,VENDOR-PAYMENT-CRUDE-OIL,VENDOR943473,1450136013.42,,1335797203570.1707
2024-10-31,RTGS-JIO-TELECOM-REVENUE,RTGS779545,,3250298058.1,1339047501628.2708
2024-10-31,RTGS-JIO-TELECOM-REVENUE,RTGS937329,,1315321349.48,1340362822977.7507
2024-10-31,NEFT-RETAIL-STORE-DEPOSIT,NEFT774691,,719529511.35,1341082352489.1008
2024-10-31,NEFT-PETROCHEM-EXPORT,NEFT939186,,4340779034.04,1345423131523.1409
2024-10-31,VENDOR-PAYMENT-CRUDE-OIL,VENDOR742043,1456934800.53,,1343966196722.6108
2024-10-31,NEFT-PETROCHEM-EXPORT,NEFT345032,,3027173927.75,1346993370650.3608
2024-10-31,NEFT-RETAIL-STORE-DEPOSIT,NEFT333071,,1728511104.32,1348721881754.681
2024-10-31,VENDOR-PAYMENT-CRUDE-OIL,VENDOR203615,977126807.45,,1347744754947.231
2024-10-31,NEFT-PETROCHEM-EXPORT,NEFT878880,,3791929527.04,1351536684474.271
2024-10-31,NEFT-RETAIL-STORE-DEPOSIT,NEFT469789,,4568844804.45,1356105529278.721
2024-11-01,TAX-OUTFLOW-ADVANCE,TAX350320,908538088.13,,1355196991190.591
2024-11-01,RTGS-JIO-TELECOM-REVENUE,RTGS588375,,812897418.98,1356009888609.571
2024-11-01,VENDOR-PAYMENT-CRUDE-OIL,VENDOR736467,374422006.15,,1355635466603.4211
2024-11-02,NEFT-PETROCHEM-EXPORT,NEFT638398,,2772275682.76,1358407742286.1812
2024-11-02,NEFT-PETROCHEM-EXPORT,NEFT989398,,4183677901.45,1362591420187.631
2024-11-02,NEFT-PETROCHEM-EXPORT,NEFT140059,,1170080568.32,1363761500755.9512
2024-11-02,VENDOR-PAYMENT-CRUDE-OIL,VENDOR107814,967163031.98,,1362794337723.9712
2024-11-02,NEFT-PETROCHEM-EXPORT,NEFT280506,,3496718128.44,1366291055852.4111
2024-11-02,TAX-OUTFLOW-ADVANCE,TAX422078,1475659525.49,,1364815396326.9211
2024-11-02,NEFT-PETROCHEM-EXPORT,NEFT442367,,4207211022.42,1369022607349.341
2024-11-02,NEFT-PETROCHEM-EXPORT,NEFT676712,,2595381759.61,1371617989108.9512
2024-11-02,RTGS-JIO-TELECOM-REVENUE,RTGS442747,,1419478464.18,1373037467573.131
2024-11-03,NEFT-PETROCHEM-EXPORT,NEFT568620,,2931204814.04,1375968672387.1711
2024-11-03,NEFT-RETAIL-STORE-DEPOSIT,NEFT387545,,4803611475.66,1380772283862.831
2024-11-03,VENDOR-PAYMENT-CRUDE-OIL,VENDOR721379,952537098.89,,1379819746763.9412
2024-11-03,TAX-OUTFLOW-ADVANCE,TAX415027,1316357807.27,,1378503388956.6711
2024-11-03,NEFT-RETAIL-STORE-DEPOSIT,NEFT617549,,735633452.77,1379239022409.4412
2024-11-03,NEFT-PETROCHEM-EXPORT,NEFT267048,,4608750504.98,1383847772914.4211
2024-11-04,PAYROLL-AND-OPERATIONS,PAYROLL505932,1305963111.53,,1382541809802.891
2024-11-04,NEFT-PETROCHEM-EXPORT,NEFT455299,,2012789218.39,1384554599021.281
2024-11-04,RTGS-JIO-TELECOM-REVENUE,RTGS154983,,1383754967.6,1385938353988.881
2024-11-04,RTGS-JIO-TELECOM-REVENUE,RTGS482628,,939177626.52,1386877531615.4011
2024-11-04,NEFT-PETROCHEM-EXPORT,NEFT920346,,1051680576.92,1387929212192.321
2024-11-04,RTGS-JIO-TELECOM-REVENUE,RTGS456420,,3784302445.9,1391713514638.221
2024-11-04,NEFT-RETAIL-STORE-DEPOSIT,NEFT585545,,1508588127.88,1393222102766.1008
2024-11-04,TAX-OUTFLOW-ADVANCE,TAX554477,1418483587.73,,1391803619178.3708
2024-11-04,PAYROLL-AND-OPERATIONS,PAYROLL312484,760707608.75,,1391042911569.6208
2024-11-05,PAYROLL-AND-OPERATIONS,PAYROLL883468,872228646.71,,1390170682922.911
2024-11-05,PAYROLL-AND-OPERATIONS,PAYROLL639389,1476780080.47,,1388693902842.441
2024-11-05,RTGS-JIO-TELECOM-REVENUE,RTGS828735,,4104422721.09,1392798325563.531
2024-11-05,NEFT-PETROCHEM-EXPORT,NEFT699506,,1826930218.96,1394625255782.491
2024-11-05,NEFT-RETAIL-STORE-DEPOSIT,NEFT715800,,3053298955.56,1397678554738.051
2024-11-05,NEFT-PETROCHEM-EXPORT,NEFT334509,,3218951434.3,1400897506172.351
2024-11-05,RTGS-JIO-TELECOM-REVENUE,RTGS612933,,2659299052.74,1403556805225.091
2024-11-06,TAX-OUTFLOW-ADVANCE,TAX429642,1194215864.48,,1402362589360.611
2024-11-06,VENDOR-PAYMENT-CRUDE-OIL,VENDOR270517,1488027908.48,,1400874561452.131
2024-11-06,TAX-OUTFLOW-ADVANCE,TAX250324,565823219.6,,1400308738232.531
2024-11-06,RTGS-JIO-TELECOM-REVENUE,RTGS929875,,3990763815.47,1404299502048.001
2024-11-06,NEFT-RETAIL-STORE-DEPOSIT,NEFT656321,,4476871133.47,1408776373181.471
2024-11-07,RTGS-JIO-TELECOM-REVENUE,RTGS800258,,2314310444.16,1411090683625.6309
2024-11-07,PAYROLL-AND-OPERATIONS,PAYROLL226802,1437540555.54,,1409653143070.0908
2024-11-07,VENDOR-PAYMENT-CRUDE-OIL,VENDOR995790,387110215.11,,1409266032854.9807
2024-11-08,PAYROLL-AND-OPERATIONS,PAYROLL485813,1192305702.26,,1408073727152.7207
2024-11-08,TAX-OUTFLOW-ADVANCE,TAX777137,304101271.11,,1407769625881.6106
2024-11-08,PAYROLL-AND-OPERATIONS,PAYROLL713684,1735602389.03,,1406034023492.5806
2024-11-08,NEFT-PETROCHEM-EXPORT,NEFT479056,,545926823.78,1406579950316.3606
2024-11-08,PAYROLL-AND-OPERATIONS,PAYROLL967409,713428253.1,,1405866522063.2605
2024-11-08,TAX-OUTFLOW-ADVANCE,TAX701558,1086942312.43,,1404779579750.8306
2024-11-08,PAYROLL-AND-OPERATIONS,PAYROLL631920,368622897.01,,1404410956853.8206
2024-11-08,PAYROLL-AND-OPERATIONS,PAYROLL204892,1121622102.82,,1403289334751.0005
2024-11-08,NEFT-RETAIL-STORE-DEPOSIT,NEFT450163,,4896214710.59,1408185549461.5906
2024-11-09,PAYROLL-AND-OPERATIONS,PAYROLL578356,899484235.44,,1407286065226.1506
2024-11-09,RTGS-JIO-TELECOM-REVENUE,RTGS966067,,1116206584.68,1408402271810.8306
2024-11-09,TAX-OUTFLOW-ADVANCE,TAX364792,1388424143.45,,1407013847667.3806
2024-11-10,NEFT-RETAIL-STORE-DEPOSIT,NEFT454777,,806111418.12,1407819959085.5007
2024-11-10,PAYROLL-AND-OPERATIONS,PAYROLL267938,1105057374.95,,1406714901710.5508
2024-11-10,NEFT-RETAIL-STORE-DEPOSIT,NEFT213477,,4115124185.43,1410830025895.9807
2024-11-11,RTGS-JIO-TELECOM-REVENUE,RTGS871284,,3667985687.78,1414498011583.7607
2024-11-11,TAX-OUTFLOW-ADVANCE,TAX633153,1429184821.36,,1413068826762.4006
2024-11-11,PAYROLL-AND-OPERATIONS,PAYROLL273787,1026939767.9,,1412041886994.5007
2024-11-11,NEFT-RETAIL-STORE-DEPOSIT,NEFT195436,,1687259209.8,1413729146204.3008
2024-11-11,NEFT-RETAIL-STORE-DEPOSIT,NEFT606388,,2943220824.7,1416672367029.0007
2024-11-11,NEFT-PETROCHEM-EXPORT,NEFT626666,,3110799132.91,1419783166161.9106
2024-11-11,NEFT-PETROCHEM-EXPORT,NEFT538115,,800615734.76,1420583781896.6707
2024-11-12,PAYROLL-AND-OPERATIONS,PAYROLL434928,500866949.51,,1420082914947.1606
2024-11-12,NEFT-PETROCHEM-EXPORT,NEFT958731,,944862795.06,1421027777742.2207
2024-11-12,NEFT-PETROCHEM-EXPORT,NEFT101669,,570695622.16,1421598473364.3806
2024-11-12,RTGS-JIO-TELECOM-REVENUE,RTGS469937,,993084705.99,1422591558070.3706
2024-11-12,RTGS-JIO-TELECOM-REVENUE,RTGS797308,,4420362510.06,1427011920580.4307
2024-11-13,TAX-OUTFLOW-ADVANCE,TAX424568,1836825979.57,,1425175094600.8606
2024-11-13,VENDOR-PAYMENT-CRUDE-OIL,VENDOR274773,1548360369.31,,1423626734231.5505
2024-11-13,TAX-OUTFLOW-ADVANCE,TAX551775,1718905286.9,,1421907828944.6506
2024-11-13,RTGS-JIO-TELECOM-REVENUE,RTGS748046,,570071161.12,1422477900105.7708
2024-11-14,NEFT-RETAIL-STORE-DEPOSIT,NEFT780805,,1368033906.45,1423845934012.2207
2024-11-14,TAX-OUTFLOW-ADVANCE,TAX855132,534375776.96,,1423311558235.2607
2024-11-14,VENDOR-PAYMENT-CRUDE-OIL,VENDOR476294,1492607701.6,,1421818950533.6606
2024-11-14,TAX-OUTFLOW-ADVANCE,TAX675068,1308153141.95,,1420510797391.7107
2024-11-14,TAX-OUTFLOW-ADVANCE,TAX393275,1612942787.49,,1418897854604.2207
2024-11-14,PAYROLL-AND-OPERATIONS,PAYROLL600801,560151614.72,,1418337702989.5007
2024-11-14,NEFT-RETAIL-STORE-DEPOSIT,NEFT342843,,2632954562.88,1420970657552.3806
2024-11-14,RTGS-JIO-TELECOM-REVENUE,RTGS928980,,1248226744.01,1422218884296.3906
2024-11-14,PAYROLL-AND-OPERATIONS,PAYROLL992086,918728487.44,,1421300155808.9507
2024-11-15,RTGS-JIO-TELECOM-REVENUE,RTGS961267,,2015539699.06,1423315695508.0107
2024-11-15,RTGS-JIO-TELECOM-REVENUE,RTGS150583,,2702402601.75,1426018098109.7607
2024-11-15,RTGS-JIO-TELECOM-REVENUE,RTGS522891,,4829635485.37,1430847733595.1309
2024-11-15,NEFT-RETAIL-STORE-DEPOSIT,NEFT479949,,821237351.67,1431668970946.8008
2024-11-15,TAX-OUTFLOW-ADVANCE,TAX520540,696332456.29,,1430972638490.5107
2024-11-15,PAYROLL-AND-OPERATIONS,PAYROLL639764,686966917.96,,1430285671572.5508
2024-11-15,PAYROLL-AND-OPERATIONS,PAYROLL646541,1585164212.33,,1428700507360.2207
2024-11-15,NEFT-RETAIL-STORE-DEPOSIT,NEFT439081,,3949968416.67,1432650475776.8906
2024-11-15,VENDOR-PAYMENT-CRUDE-OIL,VENDOR952015,1802093123.15,,1430848382653.7407
2024-11-16,VENDOR-PAYMENT-CRUDE-OIL,VENDOR207738,1818024279.21,,1429030358374.5308
2024-11-16,TAX-OUTFLOW-ADVANCE,TAX440321,1131158742.39,,1427899199632.1409
2024-11-16,NEFT-RETAIL-STORE-DEPOSIT,NEFT314475,,1173574649.62,1429072774281.761
2024-11-16,RTGS-JIO-TELECOM-REVENUE,RTGS645442,,1788324549.75,1430861098831.511
2024-11-16,PAYROLL-AND-OPERATIONS,PAYROLL569577,971649468.48,,1429889449363.031
2024-11-17,PAYROLL-AND-OPERATIONS,PAYROLL797303,863342537.39,,1429026106825.641
2024-11-17,RTGS-JIO-TELECOM-REVENUE,RTGS305603,,2518631526.89,1431544738352.531
2024-11-17,PAYROLL-AND-OPERATIONS,PAYROLL738229,727511831.4,,1430817226521.131
2024-11-17,VENDOR-PAYMENT-CRUDE-OIL,VENDOR140998,1292243292.75,,1429524983228.381
2024-11-17,NEFT-RETAIL-STORE-DEPOSIT,NEFT448965,,3883041817.7,1433408025046.081
2024-11-17,PAYROLL-AND-OPERATIONS,PAYROLL354504,669067081.01,,1432738957965.071
2024-11-17,NEFT-PETROCHEM-EXPORT,NEFT165567,,3625458276.18,1436364416241.251
2024-11-17,TAX-OUTFLOW-ADVANCE,TAX564694,1719247693.68,,1434645168547.571
2024-11-18,RTGS-JIO-TELECOM-REVENUE,RTGS420348,,4032138420.52,1438677306968.091
2024-11-18,PAYROLL-AND-OPERATIONS,PAYROLL481896,343595968.15,,1438333710999.9412
2024-11-18,VENDOR-PAYMENT-CRUDE-OIL,VENDOR482381,833465212.77,,1437500245787.1711
2024-11-18,NEFT-RETAIL-STORE-DEPOSIT,NEFT885578,,4478533437.94,1441978779225.111
2024-11-18,TAX-OUTFLOW-ADVANCE,TAX693071,1127324386.02,,1440851454839.091
2024-11-18,NEFT-RETAIL-STORE-DEPOSIT,NEFT505360,,1266505962.2,1442117960801.291
2024-11-18,NEFT-RETAIL-STORE-DEPOSIT,NEFT667294,,780477718.64,1442898438519.931
2024-11-19,PAYROLL-AND-OPERATIONS,PAYROLL139172,1510857845.2,,1441387580674.731
2024-11-19,RTGS-JIO-TELECOM-REVENUE,RTGS431590,,2285886868.0,1443673467542.731
2024-11-19,RTGS-JIO-TELECOM-REVENUE,RTGS401721,,870560545.78,1444544028088.511
2024-11-19,TAX-OUTFLOW-ADVANCE,TAX703702,1961906433.72,,1442582121654.791
2024-11-19,PAYROLL-AND-OPERATIONS,PAYROLL416221,1979839515.42,,1440602282139.371
2024-11-20,RTGS-JIO-TELECOM-REVENUE,RTGS274278,,4219028602.1,1444821310741.4712
2024-11-20,NEFT-PETROCHEM-EXPORT,NEFT130996,,4302926435.73,1449124237177.2012
2024-11-20,PAYROLL-AND-OPERATIONS,PAYROLL306266,406874643.07,,1448717362534.131
2024-11-20,TAX-OUTFLOW-ADVANCE,TAX763928,509162012.03,,1448208200522.101
2024-11-20,PAYROLL-AND-OPERATIONS,PAYROLL340241,1842191558.71,,1446366008963.391
2024-11-20,NEFT-RETAIL-STORE-DEPOSIT,NEFT275193,,1161659365.8,1447527668329.1912
2024-11-21,RTGS-JIO-TELECOM-REVENUE,RTGS885344,,2949847004.34,1450477515333.5312
2024-11-21,PAYROLL-AND-OPERATIONS,PAYROLL912695,1825847210.13,,1448651668123.4014
2024-11-21,PAYROLL-AND-OPERATIONS,PAYROLL872063,1577674639.85,,1447073993483.5513
2024-11-21,RTGS-JIO-TELECOM-REVENUE,RTGS153015,,644397160.22,1447718390643.7712
2024-11-21,VENDOR-PAYMENT-CRUDE-OIL,VENDOR628054,924091687.94,,1446794298955.8313
2024-11-21,NEFT-PETROCHEM-EXPORT,NEFT431303,,3509131092.06,1450303430047.8914
2024-11-22,PAYROLL-AND-OPERATIONS,PAYROLL950186,1011068779.88,,1449292361268.0115
2024-11-22,NEFT-RETAIL-STORE-DEPOSIT,NEFT732193,,1056720909.93,1450349082177.9414
2024-11-22,TAX-OUTFLOW-ADVANCE,TAX851898,1089828954.46,,1449259253223.4814
2024-11-22,PAYROLL-AND-OPERATIONS,PAYROLL482507,1044873315.07,,1448214379908.4114
2024-11-22,PAYROLL-AND-OPERATIONS,PAYROLL559795,1380221040.35,,1446834158868.0613
2024-11-22,PAYROLL-AND-OPERATIONS,PAYROLL320291,882879161.84,,1445951279706.2212
2024-11-22,VENDOR-PAYMENT-CRUDE-OIL,VENDOR385527,508761441.1,,1445442518265.121
2024-11-22,NEFT-PETROCHEM-EXPORT,NEFT666161,,3752807436.34,1449195325701.4612
2024-11-23,NEFT-RETAIL-STORE-DEPOSIT,NEFT798866,,1390244668.02,1450585570369.4812
2024-11-23,TAX-OUTFLOW-ADVANCE,TAX466028,1640628079.27,,1448944942290.2112
2024-11-23,VENDOR-PAYMENT-CRUDE-OIL,VENDOR492739,523431868.08,,1448421510422.131
2024-11-24,NEFT-RETAIL-STORE-DEPOSIT,NEFT753635,,706760132.81,1449128270554.9412
2024-11-24,RTGS-JIO-TELECOM-REVENUE,RTGS675499,,4388904562.39,1453517175117.331
2024-11-24,TAX-OUTFLOW-ADVANCE,TAX609151,1105400515.4,,1452411774601.9312
2024-11-24,NEFT-RETAIL-STORE-DEPOSIT,NEFT274934,,4733998155.06,1457145772756.9912
2024-11-24,RTGS-JIO-TELECOM-REVENUE,RTGS877985,,541640421.99,1457687413178.9812
2024-11-24,VENDOR-PAYMENT-CRUDE-OIL,VENDOR548158,1883998734.92,,1455803414444.0613
2024-11-25,TAX-OUTFLOW-ADVANCE,TAX428270,899863591.18,,1454903550852.8813
2024-11-25,NEFT-RETAIL-STORE-DEPOSIT,NEFT472898,,1540832722.41,1456444383575.2913
2024-11-25,RTGS-JIO-TELECOM-REVENUE,RTGS908081,,2567535460.24,1459011919035.5312
2024-11-25,RTGS-JIO-TELECOM-REVENUE,RTGS998351,,4309439708.83,1463321358744.3613
2024-11-25,NEFT-RETAIL-STORE-DEPOSIT,NEFT949675,,4655908559.38,1467977267303.7412
2024-11-25,TAX-OUTFLOW-ADVANCE,TAX874363,1761684370.6,,1466215582933.141
2024-11-25,NEFT-RETAIL-STORE-DEPOSIT,NEFT525254,,1078351032.67,1467293933965.811
2024-11-25,TAX-OUTFLOW-ADVANCE,TAX373427,1025255374.45,,1466268678591.361
2024-11-26,PAYROLL-AND-OPERATIONS,PAYROLL748750,1109653186.54,,1465159025404.821
2024-11-26,NEFT-RETAIL-STORE-DEPOSIT,NEFT523666,,1977412865.12,1467136438269.9412
2024-11-26,TAX-OUTFLOW-ADVANCE,TAX311915,722057350.54,,1466414380919.4011
2024-11-27,NEFT-RETAIL-STORE-DEPOSIT,NEFT402305,,3083180464.61,1469497561384.0112
2024-11-27,PAYROLL-AND-OPERATIONS,PAYROLL802245,1491745394.09,,1468005815989.9211
2024-11-27,NEFT-PETROCHEM-EXPORT,NEFT527023,,2536798849.64,1470542614839.561
2024-11-27,RTGS-JIO-TELECOM-REVENUE,RTGS598293,,1111164927.2,1471653779766.761
2024-11-27,RTGS-JIO-TELECOM-REVENUE,RTGS644536,,2931802996.62,1474585582763.381
2024-11-27,TAX-OUTFLOW-ADVANCE,TAX742368,1770752271.12,,1472814830492.261
2024-11-27,VENDOR-PAYMENT-CRUDE-OIL,VENDOR180368,531591770.7,,1472283238721.561
2024-11-27,VENDOR-PAYMENT-CRUDE-OIL,VENDOR554641,341525088.97,,1471941713632.591
2024-11-27,NEFT-RETAIL-STORE-DEPOSIT,NEFT357220,,4867949647.73,1476809663280.321
2024-11-27,NEFT-PETROCHEM-EXPORT,NEFT341660,,2438292510.24,1479247955790.561
2024-11-28,PAYROLL-AND-OPERATIONS,PAYROLL741493,1455889355.52,,1477792066435.041
2024-11-28,NEFT-RETAIL-STORE-DEPOSIT,NEFT293295,,3065840739.98,1480857907175.021
2024-11-28,RTGS-JIO-TELECOM-REVENUE,RTGS972901,,2564701149.03,1483422608324.051
2024-11-28,RTGS-JIO-TELECOM-REVENUE,RTGS941113,,4159536381.58,1487582144705.631
2024-11-28,RTGS-JIO-TELECOM-REVENUE,RTGS414403,,4564256955.26,1492146401660.891
2024-11-28,NEFT-PETROCHEM-EXPORT,NEFT698100,,3337354964.04,1495483756624.9312
2024-11-28,TAX-OUTFLOW-ADVANCE,TAX398958,723132039.06,,1494760624585.871
2024-11-28,VENDOR-PAYMENT-CRUDE-OIL,VENDOR661927,1238765168.94,,1493521859416.9312
2024-11-28,NEFT-RETAIL-STORE-DEPOSIT,NEFT980335,,3624206287.91,1497146065704.841
2024-11-28,PAYROLL-AND-OPERATIONS,PAYROLL245066,847018641.73,,1496299047063.111
2024-11-28,NEFT-RETAIL-STORE-DEPOSIT,NEFT188085,,4337041933.9,1500636088997.011
2024-11-28,RTGS-JIO-TELECOM-REVENUE,RTGS340121,,3664467377.91,1504300556374.921
2024-11-28,TAX-OUTFLOW-ADVANCE,TAX835066,1878593785.43,,1502421962589.491
2024-11-29,TAX-OUTFLOW-ADVANCE,TAX210124,486233493.6,,1501935729095.8909
2024-11-29,NEFT-RETAIL-STORE-DEPOSIT,NEFT266572,,2510003375.71,1504445732471.6008
2024-11-29,PAYROLL-AND-OPERATIONS,PAYROLL200981,1872608507.47,,1502573123964.1309
2024-11-29,PAYROLL-AND-OPERATIONS,PAYROLL493093,1338724518.46,,1501234399445.671
2024-11-29,NEFT-RETAIL-STORE-DEPOSIT,NEFT597231,,808647581.97,1502043047027.6409
2024-11-30,RTGS-JIO-TELECOM-REVENUE,RTGS541921,,4703839946.84,1506746886974.481
2024-11-30,PAYROLL-AND-OPERATIONS,PAYROLL413546,1875690674.05,,1504871196300.431
2024-11-30,TAX-OUTFLOW-ADVANCE,TAX609993,475421867.77,,1504395774432.661
2024-11-30,VENDOR-PAYMENT-CRUDE-OIL,VENDOR302209,1443307102.08,,1502952467330.5808
2024-11-30,NEFT-PETROCHEM-EXPORT,NEFT318263,,1175560139.31,1504128027469.8909
2024-11-30,TAX-OUTFLOW-ADVANCE,TAX527065,1809390322.39,,1502318637147.501
2024-12-01,RTGS-JIO-TELECOM-REVENUE,RTGS911956,,3954432272.54,1506273069420.041
2024-12-01,VENDOR-PAYMENT-CRUDE-OIL,VENDOR626888,1782362706.38,,1504490706713.6611
2024-12-01,TAX-OUTFLOW-ADVANCE,TAX836166,1157229663.15,,1503333477050.5112
2024-12-01,NEFT-RETAIL-STORE-DEPOSIT,NEFT687928,,4765386080.51,1508098863131.0212
2024-12-01,NEFT-RETAIL-STORE-DEPOSIT,NEFT514094,,1184760411.1,1509283623542.1213
2024-12-02,TAX-OUTFLOW-ADVANCE,TAX939719,1473206182.95,,1507810417359.1714
2024-12-02,RTGS-JIO-TELECOM-REVENUE,RTGS979257,,1946076268.5,1509756493627.6714
2024-12-02,RTGS-JIO-TELECOM-REVENUE,RTGS560907,,1321246102.28,1511077739729.9514
2024-12-02,RTGS-JIO-TELECOM-REVENUE,RTGS451643,,2424497628.54,1513502237358.4915
2024-12-02,RTGS-JIO-TELECOM-REVENUE,RTGS291455,,4136460024.87,1517638697383.3616
2024-12-03,NEFT-PETROCHEM-EXPORT,NEFT403060,,1021122456.08,1518659819839.4417
2024-12-03,PAYROLL-AND-OPERATIONS,PAYROLL419021,1839637972.62,,1516820181866.8215
2024-12-03,PAYROLL-AND-OPERATIONS,PAYROLL180728,583003562.5,,1516237178304.3215
2024-12-03,NEFT-RETAIL-STORE-DEPOSIT,NEFT428764,,4701699668.87,1520938877973.1917
2024-12-03,NEFT-RETAIL-STORE-DEPOSIT,NEFT286763,,2906282616.12,1523845160589.3118
2024-12-03,NEFT-RETAIL-STORE-DEPOSIT,NEFT558025,,4415618483.21,1528260779072.5217
2024-12-03,VENDOR-PAYMENT-CRUDE-OIL,VENDOR789630,1820861315.89,,1526439917756.6318
2024-12-03,PAYROLL-AND-OPERATIONS,PAYROLL113718,1561563735.38,,1524878354021.252
2024-12-04,TAX-OUTFLOW-ADVANCE,TAX218633,1748351101.52,,1523130002919.732
2024-12-04,VENDOR-PAYMENT-CRUDE-OIL,VENDOR907746,331198707.61,,1522798804212.1218
2024-12-04,VENDOR-PAYMENT-CRUDE-OIL,VENDOR708028,494622301.12,,1522304181911.0017
2024-12-04,NEFT-RETAIL-STORE-DEPOSIT,NEFT911205,,739844453.84,1523044026364.8418
2024-12-04,PAYROLL-AND-OPERATIONS,PAYROLL425818,1969593187.68,,1521074433177.1619
2024-12-04,NEFT-PETROCHEM-EXPORT,NEFT999456,,2041615422.65,1523116048599.8118
2024-12-04,VENDOR-PAYMENT-CRUDE-OIL,VENDOR831794,498879466.21,,1522617169133.6018
2024-12-04,TAX-OUTFLOW-ADVANCE,TAX518549,1524732451.93,,1521092436681.6719
2024-12-04,VENDOR-PAYMENT-CRUDE-OIL,VENDOR970108,1798072247.47,,1519294364434.202
2024-12-04,NEFT-RETAIL-STORE-DEPOSIT,NEFT668816,,2540560184.57,1521834924618.772
2024-12-05,RTGS-JIO-TELECOM-REVENUE,RTGS147624,,800432539.35,1522635357158.122
2024-12-05,TAX-OUTFLOW-ADVANCE,TAX613377,721008979.93,,1521914348178.1921
2024-12-05,NEFT-PETROCHEM-EXPORT,NEFT418699,,2944898953.75,1524859247131.9421
2024-12-05,NEFT-PETROCHEM-EXPORT,NEFT324414,,2179702133.93,1527038949265.872
2024-12-06,TAX-OUTFLOW-ADVANCE,TAX262360,989944796.44,,1526049004469.4321
2024-12-06,VENDOR-PAYMENT-CRUDE-OIL,VENDOR156840,1090676418.86,,1524958328050.572
2024-12-06,RTGS-JIO-TELECOM-REVENUE,RTGS862115,,4431385080.52,1529389713131.092
2024-12-07,PAYROLL-AND-OPERATIONS,PAYROLL190381,1180986566.08,,1528208726565.012
2024-12-07,RTGS-JIO-TELECOM-REVENUE,RTGS450028,,2319837624.11,1530528564189.122
2024-12-07,RTGS-JIO-TELECOM-REVENUE,RTGS421286,,3402621700.73,1533931185889.852
2024-12-07,NEFT-RETAIL-STORE-DEPOSIT,NEFT109132,,3118785677.94,1537049971567.792
2024-12-07,PAYROLL-AND-OPERATIONS,PAYROLL759973,1570410813.54,,1535479560754.252
2024-12-07,TAX-OUTFLOW-ADVANCE,TAX408156,498090719.11,,1534981470035.1418
2024-12-07,PAYROLL-AND-OPERATIONS,PAYROLL212903,1912593934.58,,1533068876100.5618
2024-12-07,RTGS-JIO-TELECOM-REVENUE,RTGS477041,,839985966.23,1533908862066.7917
2024-12-08,NEFT-PETROCHEM-EXPORT,NEFT902644,,593992217.04,1534502854283.8318
2024-12-08,RTGS-JIO-TELECOM-REVENUE,RTGS400710,,2700809182.56,1537203663466.3918
2024-12-08,RTGS-JIO-TELECOM-REVENUE,RTGS191144,,1960112105.15,1539163775571.5417
2024-12-08,PAYROLL-AND-OPERATIONS,PAYROLL541094,676349232.02,,1538487426339.5217
2024-12-08,NEFT-RETAIL-STORE-DEPOSIT,NEFT995903,,2680335476.79,1541167761816.3118
2024-12-08,PAYROLL-AND-OPERATIONS,PAYROLL416766,580192484.39,,1540587569331.9219
2024-12-08,TAX-OUTFLOW-ADVANCE,TAX728624,1895789394.44,,1538691779937.482
2024-12-08,TAX-OUTFLOW-ADVANCE,TAX701348,775605261.8,,1537916174675.682
2024-12-08,RTGS-JIO-TELECOM-REVENUE,RTGS520926,,3597925025.57,1541514099701.252
2024-12-08,NEFT-RETAIL-STORE-DEPOSIT,NEFT783938,,1117604362.34,1542631704063.592
2024-12-08,NEFT-PETROCHEM-EXPORT,NEFT109042,,1711126158.15,1544342830221.742
2024-12-09,NEFT-PETROCHEM-EXPORT,NEFT604420,,4007113587.41,1548349943809.1519
2024-12-09,NEFT-RETAIL-STORE-DEPOSIT,NEFT635793,,2894698036.3,1551244641845.452
2024-12-09,PAYROLL-AND-OPERATIONS,PAYROLL587300,1667229394.21,,1549577412451.242
2024-12-09,TAX-OUTFLOW-ADVANCE,TAX603720,1845204737.09,,1547732207714.1519
2024-12-10,TAX-OUTFLOW-ADVANCE,TAX176278,1951116267.65,,1545781091446.502
2024-12-10,PAYROLL-AND-OPERATIONS,PAYROLL735832,1465137739.3,,1544315953707.202
2024-12-10,NEFT-PETROCHEM-EXPORT,NEFT987786,,4273076055.55,1548589029762.752
2024-12-10,NEFT-RETAIL-STORE-DEPOSIT,NEFT636697,,4213196310.27,1552802226073.022
2024-12-10,NEFT-PETROCHEM-EXPORT,NEFT781853,,1540949554.66,1554343175627.682
2024-12-10,PAYROLL-AND-OPERATIONS,PAYROLL573194,1338081576.56,,1553005094051.1218
2024-12-10,PAYROLL-AND-OPERATIONS,PAYROLL764685,776876598.2,,1552228217452.9219
2024-12-10,NEFT-PETROCHEM-EXPORT,NEFT354367,,1478654670.12,1553706872123.042
2024-12-11,VENDOR-PAYMENT-CRUDE-OIL,VENDOR536477,1847462827.6,,1551859409295.442
2024-12-11,NEFT-RETAIL-STORE-DEPOSIT,NEFT974472,,1789968675.18,1553649377970.6218
2024-12-11,TAX-OUTFLOW-ADVANCE,TAX892929,1657469644.28,,1551991908326.3418
2024-12-11,NEFT-RETAIL-STORE-DEPOSIT,NEFT378092,,1561580822.13,1553553489148.4717
2024-12-11,NEFT-RETAIL-STORE-DEPOSIT,NEFT421473,,2728477235.5,1556281966383.9717
2024-12-11,NEFT-RETAIL-STORE-DEPOSIT,NEFT683908,,1919157076.35,1558201123460.3218
2024-12-11,NEFT-PETROCHEM-EXPORT,NEFT519393,,1234390502.12,1559435513962.442
2024-12-12,PAYROLL-AND-OPERATIONS,PAYROLL592097,368597283.86,,1559066916678.5818
2024-12-12,TAX-OUTFLOW-ADVANCE,TAX235186,1093719863.45,,1557973196815.1318
2024-12-12,RTGS-JIO-TELECOM-REVENUE,RTGS912793,,756527136.74,1558729723951.8718
2024-12-12,RTGS-JIO-TELECOM-REVENUE,RTGS388602,,4294983817.68,1563024707769.5518
2024-12-12,TAX-OUTFLOW-ADVANCE,TAX472163,1174072343.91,,1561850635425.6418
2024-12-12,VENDOR-PAYMENT-CRUDE-OIL,VENDOR269563,1999477595.89,,1559851157829.752
2024-12-12,TAX-OUTFLOW-ADVANCE,TAX388536,1782336433.64,,1558068821396.112
2024-12-12,NEFT-RETAIL-STORE-DEPOSIT,NEFT656580,,2354042040.37,1560422863436.4822
2024-12-13,VENDOR-PAYMENT-CRUDE-OIL,VENDOR978087,1246220820.01,,1559176642616.4722
2024-12-13,PAYROLL-AND-OPERATIONS,PAYROLL920631,467765282.3,,1558708877334.172
2024-12-13,NEFT-RETAIL-STORE-DEPOSIT,NEFT257556,,3948736680.12,1562657614014.2922
2024-12-13,TAX-OUTFLOW-ADVANCE,TAX564874,684861416.96,,1561972752597.3323
2024-12-13,TAX-OUTFLOW-ADVANCE,TAX188834,490412269.84,,1561482340327.4922
2024-12-13,NEFT-RETAIL-STORE-DEPOSIT,NEFT460380,,4975995561.14,1566458335888.632
2024-12-13,PAYROLL-AND-OPERATIONS,PAYROLL108481,826141633.53,,1565632194255.102
2024-12-14,NEFT-RETAIL-STORE-DEPOSIT,NEFT717564,,3967557159.38,1569599751414.482
2024-12-14,NEFT-PETROCHEM-EXPORT,NEFT357285,,2567576764.41,1572167328178.8918
2024-12-14,NEFT-RETAIL-STORE-DEPOSIT,NEFT561550,,4268653864.47,1576435982043.3618
2024-12-14,TAX-OUTFLOW-ADVANCE,TAX608910,331945915.08,,1576104036128.2817
2024-12-14,NEFT-RETAIL-STORE-DEPOSIT,NEFT325671,,772234608.34,1576876270736.6218
2024-12-14,TAX-OUTFLOW-ADVANCE,TAX876167,1481792058.27,,1575394478678.3518
2024-12-14,NEFT-RETAIL-STORE-DEPOSIT,NEFT177556,,1417113116.75,1576811591795.1018
2024-12-14,NEFT-PETROCHEM-EXPORT,NEFT465173,,3359061330.4,1580170653125.5017
2024-12-14,PAYROLL-AND-OPERATIONS,PAYROLL340460,995140408.0,,1579175512717.5017
2024-12-14,RTGS-JIO-TELECOM-REVENUE,RTGS914799,,1753734790.71,1580929247508.2117
2024-12-15,NEFT-PETROCHEM-EXPORT,NEFT926490,,525636719.74,1581454884227.9517
2024-12-15,NEFT-RETAIL-STORE-DEPOSIT,NEFT179502,,1627769923.8,1583082654151.7517
2024-12-15,NEFT-RETAIL-STORE-DEPOSIT,NEFT118171,,502964134.53,1583585618286.2817
2024-12-15,RTGS-JIO-TELECOM-REVENUE,RTGS973145,,2988405873.22,1586574024159.5017
2024-12-15,NEFT-PETROCHEM-EXPORT,NEFT617806,,769846704.04,1587343870863.5417
2024-12-15,NEFT-PETROCHEM-EXPORT,NEFT914669,,2527062041.83,1589870932905.3718
2024-12-16,NEFT-PETROCHEM-EXPORT,NEFT174716,,1683542346.7,1591554475252.0718
2024-12-16,RTGS-JIO-TELECOM-REVENUE,RTGS910654,,1247409195.37,1592801884447.442
2024-12-16,VENDOR-PAYMENT-CRUDE-OIL,VENDOR563116,1779289622.93,,1591022594824.512
2024-12-16,NEFT-RETAIL-STORE-DEPOSIT,NEFT434311,,3218709482.14,1594241304306.6519
2024-12-16,PAYROLL-AND-OPERATIONS,PAYROLL902876,1068263314.77,,1593173040991.8818
2024-12-16,NEFT-PETROCHEM-EXPORT,NEFT904193,,1734497928.89,1594907538920.7717
2024-12-16,VENDOR-PAYMENT-CRUDE-OIL,VENDOR574859,766011513.97,,1594141527406.8018
2024-12-16,TAX-OUTFLOW-ADVANCE,TAX946636,690452948.19,,1593451074458.6118
2024-12-16,NEFT-PETROCHEM-EXPORT,NEFT117828,,4420864673.51,1597871939132.1218
2024-12-17,TAX-OUTFLOW-ADVANCE,TAX552404,797897381.65,,1597074041750.472
2024-12-17,VENDOR-PAYMENT-CRUDE-OIL,VENDOR433052,584975028.29,,1596489066722.182
2024-12-17,VENDOR-PAYMENT-CRUDE-OIL,VENDOR751204,1274171686.85,,1595214895035.3318
2024-12-18,VENDOR-PAYMENT-CRUDE-OIL,VENDOR518298,1090842077.35,,1594124052957.9817
2024-12-18,VENDOR-PAYMENT-CRUDE-OIL,VENDOR792884,1770961168.49,,1592353091789.4917
2024-12-19,NEFT-PETROCHEM-EXPORT,NEFT842468,,2455445879.11,1594808537668.6018
2024-12-19,VENDOR-PAYMENT-CRUDE-OIL,VENDOR519072,1225114840.7,,1593583422827.9019
2024-12-19,NEFT-PETROCHEM-EXPORT,NEFT384170,,4100568220.66,1597683991048.5618
2024-12-19,TAX-OUTFLOW-ADVANCE,TAX540909,1934147101.99,,1595749843946.5718
2024-12-19,VENDOR-PAYMENT-CRUDE-OIL,VENDOR998319,420914945.36,,1595328929001.2117
2024-12-20,NEFT-PETROCHEM-EXPORT,NEFT648487,,4159663245.33,1599488592246.5417
2024-12-20,RTGS-JIO-TELECOM-REVENUE,RTGS348427,,4486316375.84,1603974908622.3818
2024-12-20,NEFT-RETAIL-STORE-DEPOSIT,NEFT716855,,1488927908.68,1605463836531.0618
2024-12-20,NEFT-PETROCHEM-EXPORT,NEFT152571,,4919503780.64,1610383340311.7017
2024-12-20,NEFT-RETAIL-STORE-DEPOSIT,NEFT424717,,3534400817.94,1613917741129.6416
2024-12-20,PAYROLL-AND-OPERATIONS,PAYROLL797327,1493501667.83,,1612424239461.8115
2024-12-20,NEFT-PETROCHEM-EXPORT,NEFT137670,,4158624313.06,1616582863774.8716
2024-12-20,RTGS-JIO-TELECOM-REVENUE,RTGS965522,,4127665159.07,1620710528933.9417
2024-12-21,VENDOR-PAYMENT-CRUDE-OIL,VENDOR195644,323715969.25,,1620386812964.6917
2024-12-21,PAYROLL-AND-OPERATIONS,PAYROLL867989,1582824722.56,,1618803988242.1316
2024-12-21,NEFT-RETAIL-STORE-DEPOSIT,NEFT405161,,2173680561.2,1620977668803.3315
2024-12-21,NEFT-PETROCHEM-EXPORT,NEFT366177,,4145522667.97,1625123191471.3015
2024-12-21,NEFT-RETAIL-STORE-DEPOSIT,NEFT701643,,3694900671.94,1628818092143.2415
2024-12-21,NEFT-RETAIL-STORE-DEPOSIT,NEFT803865,,2521938925.1,1631340031068.3416
2024-12-21,NEFT-RETAIL-STORE-DEPOSIT,NEFT463456,,1843765699.59,1633183796767.9316
2024-12-22,NEFT-PETROCHEM-EXPORT,NEFT348860,,3185716218.05,1636369512985.9817
2024-12-22,VENDOR-PAYMENT-CRUDE-OIL,VENDOR688182,1722426214.96,,1634647086771.0217
2024-12-22,NEFT-PETROCHEM-EXPORT,NEFT235322,,3568902211.28,1638215988982.3018
2024-12-22,NEFT-PETROCHEM-EXPORT,NEFT125779,,3230592077.69,1641446581059.9917
2024-12-22,TAX-OUTFLOW-ADVANCE,TAX816516,1424278364.8,,1640022302695.1917
2024-12-22,PAYROLL-AND-OPERATIONS,PAYROLL714912,568276884.43,,1639454025810.7617
2024-12-22,NEFT-RETAIL-STORE-DEPOSIT,NEFT713883,,2031302205.99,1641485328016.7517
2024-12-22,TAX-OUTFLOW-ADVANCE,TAX283624,659206696.81,,1640826121319.9417
2024-12-22,NEFT-PETROCHEM-EXPORT,NEFT529202,,2135314267.29,1642961435587.2317
2024-12-22,VENDOR-PAYMENT-CRUDE-OIL,VENDOR507106,1385056793.38,,1641576378793.8518
2024-12-22,VENDOR-PAYMENT-CRUDE-OIL,VENDOR914539,938239541.68,,1640638139252.1719
2024-12-22,VENDOR-PAYMENT-CRUDE-OIL,VENDOR192114,1042028181.94,,1639596111070.232
2024-12-23,TAX-OUTFLOW-ADVANCE,TAX996587,1732106796.91,,1637864004273.322
2024-12-23,NEFT-RETAIL-STORE-DEPOSIT,NEFT764363,,3054874190.18,1640918878463.502
2024-12-23,TAX-OUTFLOW-ADVANCE,TAX233408,1185548861.33,,1639733329602.1719
2024-12-23,NEFT-PETROCHEM-EXPORT,NEFT137038,,3913759210.5,1643647088812.6719
2024-12-24,VENDOR-PAYMENT-CRUDE-OIL,VENDOR754041,853146635.53,,1642793942177.1418
2024-12-24,TAX-OUTFLOW-ADVANCE,TAX644059,908337605.04,,1641885604572.1018
2024-12-24,RTGS-JIO-TELECOM-REVENUE,RTGS500586,,2534274157.17,1644419878729.2717
2024-12-24,RTGS-JIO-TELECOM-REVENUE,RTGS334945,,1218988035.89,1645638866765.1616
2024-12-24,NEFT-PETROCHEM-EXPORT,NEFT760460,,4981241118.94,1650620107884.1016
2024-12-25,VENDOR-PAYMENT-CRUDE-OIL,VENDOR944795,407140551.47,,1650212967332.6316
2024-12-25,RTGS-JIO-TELECOM-REVENUE,RTGS826188,,3061821604.97,1653274788937.6016
2024-12-25,RTGS-JIO-TELECOM-REVENUE,RTGS325596,,4261860208.01,1657536649145.6116
2024-12-25,NEFT-PETROCHEM-EXPORT,NEFT352235,,3948431684.67,1661485080830.2815
2024-12-25,NEFT-RETAIL-STORE-DEPOSIT,NEFT472397,,1053225026.39,1662538305856.6714
2024-12-25,NEFT-RETAIL-STORE-DEPOSIT,NEFT821358,,507892138.81,1663046197995.4814
2024-12-26,TAX-OUTFLOW-ADVANCE,TAX809116,872018121.96,,1662174179873.5215
2024-12-26,NEFT-RETAIL-STORE-DEPOSIT,NEFT371744,,4538643200.25,1666712823073.7715
2024-12-26,TAX-OUTFLOW-ADVANCE,TAX814503,1657906178.78,,1665054916894.9915
2024-12-26,NEFT-RETAIL-STORE-DEPOSIT,NEFT968816,,1335814581.56,1666390731476.5515
2024-12-26,VENDOR-PAYMENT-CRUDE-OIL,VENDOR991078,1848111555.69,,1664542619920.8616
2024-12-27,RTGS-JIO-TELECOM-REVENUE,RTGS192105,,1446294985.38,1665988914906.2415
2024-12-27,VENDOR-PAYMENT-CRUDE-OIL,VENDOR764243,614361278.16,,1665374553628.0815
2024-12-27,NEFT-RETAIL-STORE-DEPOSIT,NEFT182649,,1453309412.55,1666827863040.6316
2024-12-27,NEFT-PETROCHEM-EXPORT,NEFT779225,,2093708128.28,1668921571168.9116
2024-12-27,RTGS-JIO-TELECOM-REVENUE,RTGS991445,,4841877826.8,1673763448995.7117
2024-12-27,NEFT-PETROCHEM-EXPORT,NEFT786829,,1308775280.63,1675072224276.3416
2024-12-27,NEFT-PETROCHEM-EXPORT,NEFT317715,,862080242.5,1675934304518.8416
2024-12-27,VENDOR-PAYMENT-CRUDE-OIL,VENDOR270653,1396640914.55,,1674537663604.2915
2024-12-28,NEFT-RETAIL-STORE-DEPOSIT,NEFT197784,,2145695214.1,1676683358818.3916
2024-12-28,TAX-OUTFLOW-ADVANCE,TAX422359,1791190766.81,,1674892168051.5815
2024-12-28,RTGS-JIO-TELECOM-REVENUE,RTGS456307,,737053165.74,1675629221217.3215
2024-12-28,NEFT-RETAIL-STORE-DEPOSIT,NEFT651978,,904851664.81,1676534072882.1316
2024-12-28,NEFT-PETROCHEM-EXPORT,NEFT995061,,1527933917.67,1678062006799.8015
2024-12-28,PAYROLL-AND-OPERATIONS,PAYROLL824982,562874688.95,,1677499132110.8516
2024-12-28,TAX-OUTFLOW-ADVANCE,TAX462833,1854633188.46,,1675644498922.3916
2024-12-28,VENDOR-PAYMENT-CRUDE-OIL,VENDOR397246,1309945191.23,,1674334553731.1616
2024-12-29,TAX-OUTFLOW-ADVANCE,TAX259696,1922611152.6,,1672411942578.5615
2024-12-29,RTGS-JIO-TELECOM-REVENUE,RTGS619306,,4894478854.44,1677306421433.0015
2024-12-29,RTGS-JIO-TELECOM-REVENUE,RTGS745695,,3042978539.8,1680349399972.8015
2024-12-29,PAYROLL-AND-OPERATIONS,PAYROLL971893,535411174.27,,1679813988798.5315
2024-12-29,VENDOR-PAYMENT-CRUDE-OIL,VENDOR240195,1712988605.94,,1678101000192.5916
2024-12-30,VENDOR-PAYMENT-CRUDE-OIL,VENDOR946670,1641931152.51,,1676459069040.0815
2024-12-30,NEFT-RETAIL-STORE-DEPOSIT,NEFT963310,,2837097436.31,1679296166476.3916
2024-12-30,RTGS-JIO-TELECOM-REVENUE,RTGS468980,,3636432009.08,1682932598485.4717
2024-12-31,TAX-OUTFLOW-ADVANCE,TAX581250,1787769959.8,,1681144828525.6716
2024-12-31,PAYROLL-AND-OPERATIONS,PAYROLL546770,1040085885.53,,1680104742640.1416
2024-12-31,NEFT-PETROCHEM-EXPORT,NEFT493983,,2049818766.42,1682154561406.5615
2024-12-31,TAX-OUTFLOW-ADVANCE,TAX138999,1024163881.97,,1681130397524.5916
2024-12-31,VENDOR-PAYMENT-CRUDE-OIL,VENDOR358638,1476605305.64,,1679653792218.9517
2025-01-01,RTGS-JIO-TELECOM-REVENUE,RTGS256302,,4697741499.92,1684351533718.8716
2025-01-01,PAYROLL-AND-OPERATIONS,PAYROLL423592,1196962487.17,,1683154571231.7017
2025-01-01,VENDOR-PAYMENT-CRUDE-OIL,VENDOR585526,1267688708.99,,1681886882522.7117
2025-01-01,TAX-OUTFLOW-ADVANCE,TAX518015,1932808357.39,,1679954074165.3218
2025-01-01,NEFT-PETROCHEM-EXPORT,NEFT669688,,1615561890.01,1681569636055.3318
2025-01-02,PAYROLL-AND-OPERATIONS,PAYROLL392498,1753165131.8,,1679816470923.5317
2025-01-02,PAYROLL-AND-OPERATIONS,PAYROLL173915,1356473284.21,,1678459997639.3218
2025-01-02,RTGS-JIO-TELECOM-REVENUE,RTGS394877,,774154757.49,1679234152396.8118
2025-01-03,NEFT-RETAIL-STORE-DEPOSIT,NEFT814059,,4271994840.21,1683506147237.0217
2025-01-03,VENDOR-PAYMENT-CRUDE-OIL,VENDOR197344,944465603.58,,1682561681633.4417
2025-01-03,PAYROLL-AND-OPERATIONS,PAYROLL844461,1239927416.29,,1681321754217.1516
2025-01-03,NEFT-PETROCHEM-EXPORT,NEFT213683,,1435956627.09,1682757710844.2417
2025-01-04,PAYROLL-AND-OPERATIONS,PAYROLL173845,976442012.85,,1681781268831.3916
2025-01-04,VENDOR-PAYMENT-CRUDE-OIL,VENDOR206853,1690212554.88,,1680091056276.5117
2025-01-04,NEFT-RETAIL-STORE-DEPOSIT,NEFT754577,,4723457200.12,1684814513476.6318
2025-01-04,NEFT-PETROCHEM-EXPORT,NEFT206084,,2170477560.93,1686984991037.5618
2025-01-04,VENDOR-PAYMENT-CRUDE-OIL,VENDOR382461,1529449303.0,,1685455541734.5618
2025-01-04,PAYROLL-AND-OPERATIONS,PAYROLL210897,1297887952.79,,1684157653781.7717
2025-01-04,NEFT-RETAIL-STORE-DEPOSIT,NEFT253509,,2520270448.86,1686677924230.6318
2025-01-04,TAX-OUTFLOW-ADVANCE,TAX985324,401136795.05,,1686276787435.5818
2025-01-04,RTGS-JIO-TELECOM-REVENUE,RTGS822548,,2894720323.65,1689171507759.2317
2025-01-04,VENDOR-PAYMENT-CRUDE-OIL,VENDOR370221,1981220998.1,,1687190286761.1316
2025-01-05,TAX-OUTFLOW-ADVANCE,TAX891517,1056570468.55,,1686133716292.5815
2025-01-05,TAX-OUTFLOW-ADVANCE,TAX305706,365923493.41,,1685767792799.1716
2025-01-05,PAYROLL-AND-OPERATIONS,PAYROLL353234,347452417.61,,1685420340381.5615
2025-01-05,VENDOR-PAYMENT-CRUDE-OIL,VENDOR363417,1437737201.66,,1683982603179.9016
2025-01-05,TAX-OUTFLOW-ADVANCE,TAX465145,1731485875.66,,1682251117304.2417
2025-01-06,NEFT-PETROCHEM-EXPORT,NEFT569443,,2986576071.42,1685237693375.6616
2025-01-06,NEFT-PETROCHEM-EXPORT,NEFT827674,,2233232259.18,1687470925634.8416
2025-01-06,PAYROLL-AND-OPERATIONS,PAYROLL789640,1003894390.88,,1686467031243.9617
2025-01-06,PAYROLL-AND-OPERATIONS,PAYROLL131837,530725719.09,,1685936305524.8716
2025-01-06,PAYROLL-AND-OPERATIONS,PAYROLL523127,569433618.38,,1685366871906.4917
2025-01-06,NEFT-PETROCHEM-EXPORT,NEFT294346,,1259808068.32,1686626679974.8118
2025-01-06,NEFT-RETAIL-STORE-DEPOSIT,NEFT553417,,1372179928.67,1687998859903.4817
2025-01-06,PAYROLL-AND-OPERATIONS,PAYROLL491977,1512531777.98,,1686486328125.5017
2025-01-06,PAYROLL-AND-OPERATIONS,PAYROLL414383,519334886.69,,1685966993238.8118
2025-01-06,VENDOR-PAYMENT-CRUDE-OIL,VENDOR344351,788320496.48,,1685178672742.3318
2025-01-07,NEFT-RETAIL-STORE-DEPOSIT,NEFT992628,,1790531612.6,1686969204354.932
2025-01-07,NEFT-RETAIL-STORE-DEPOSIT,NEFT558583,,1080295086.84,1688049499441.772
2025-01-07,RTGS-JIO-TELECOM-REVENUE,RTGS366322,,3529453680.85,1691578953122.622
2025-01-07,NEFT-PETROCHEM-EXPORT,NEFT239738,,2606015792.54,1694184968915.162
2025-01-07,PAYROLL-AND-OPERATIONS,PAYROLL395944,1138669261.81,,1693046299653.352
2025-01-08,PAYROLL-AND-OPERATIONS,PAYROLL697983,1050993334.91,,1691995306318.4421
2025-01-08,PAYROLL-AND-OPERATIONS,PAYROLL312085,697299660.96,,1691298006657.4822
2025-01-08,VENDOR-PAYMENT-CRUDE-OIL,VENDOR358416,775037814.33,,1690522968843.152
2025-01-08,VENDOR-PAYMENT-CRUDE-OIL,VENDOR423497,910523643.15,,1689612445200.0022
2025-01-08,VENDOR-PAYMENT-CRUDE-OIL,VENDOR133697,599151221.48,,1689013293978.5222
2025-01-09,NEFT-PETROCHEM-EXPORT,NEFT211127,,3307192958.75,1692320486937.2722
2025-01-09,RTGS-JIO-TELECOM-REVENUE,RTGS791767,,3634832583.63,1695955319520.902
2025-01-09,RTGS-JIO-TELECOM-REVENUE,RTGS374983,,2615154029.07,1698570473549.9722
2025-01-09,TAX-OUTFLOW-ADVANCE,TAX996771,853638091.18,,1697716835458.7922
2025-01-10,TAX-OUTFLOW-ADVANCE,TAX458512,958863584.05,,1696757971874.7422
2025-01-10,VENDOR-PAYMENT-CRUDE-OIL,VENDOR668614,1702853061.73,,1695055118813.0122
2025-01-10,NEFT-PETROCHEM-EXPORT,NEFT489133,,510824520.63,1695565943333.642
2025-01-10,PAYROLL-AND-OPERATIONS,PAYROLL530623,390357552.8,,1695175585780.842
2025-01-10,NEFT-RETAIL-STORE-DEPOSIT,NEFT927799,,4024041479.23,1699199627260.072
2025-01-11,NEFT-PETROCHEM-EXPORT,NEFT844426,,2497104700.94,1701696731961.012
2025-01-11,TAX-OUTFLOW-ADVANCE,TAX914369,1316423488.83,,1700380308472.182
2025-01-11,PAYROLL-AND-OPERATIONS,PAYROLL760509,625581333.79,,1699754727138.3918
2025-01-11,TAX-OUTFLOW-ADVANCE,TAX444750,1218679855.09,,1698536047283.3018
2025-01-12,PAYROLL-AND-OPERATIONS,PAYROLL819660,1376347300.65,,1697159699982.6519
2025-01-12,PAYROLL-AND-OPERATIONS,PAYROLL865231,552293814.66,,1696607406167.992
2025-01-12,NEFT-RETAIL-STORE-DEPOSIT,NEFT551044,,4819040442.66,1701426446610.6519
2025-01-12,PAYROLL-AND-OPERATIONS,PAYROLL921236,928131842.94,,1700498314767.712
2025-01-13,PAYROLL-AND-OPERATIONS,PAYROLL108036,1275351721.24,,1699222963046.472
2025-01-13,RTGS-JIO-TELECOM-REVENUE,RTGS568066,,2624522307.39,1701847485353.8618
2025-01-13,TAX-OUTFLOW-ADVANCE,TAX584061,463246986.99,,1701384238366.8718
2025-01-13,RTGS-JIO-TELECOM-REVENUE,RTGS849171,,674089611.73,1702058327978.6018
2025-01-14,TAX-OUTFLOW-ADVANCE,TAX514995,729869844.01,,1701328458134.5918
2025-01-14,NEFT-PETROCHEM-EXPORT,NEFT335030,,4653398903.83,1705981857038.4219
2025-01-14,PAYROLL-AND-OPERATIONS,PAYROLL326119,1040469461.18,,1704941387577.242
2025-01-14,TAX-OUTFLOW-ADVANCE,TAX274085,881784569.45,,1704059603007.792
2025-01-14,NEFT-PETROCHEM-EXPORT,NEFT106189,,2794522112.55,1706854125120.342
2025-01-14,NEFT-PETROCHEM-EXPORT,NEFT852569,,2212862538.81,1709066987659.152
2025-01-14,TAX-OUTFLOW-ADVANCE,TAX175771,1480461524.29,,1707586526134.862
2025-01-14,RTGS-JIO-TELECOM-REVENUE,RTGS350842,,4538827153.98,1712125353288.842
2025-01-14,PAYROLL-AND-OPERATIONS,PAYROLL240364,767865975.48,,1711357487313.362
2025-01-14,TAX-OUTFLOW-ADVANCE,TAX148298,1644842277.7,,1709712645035.662
2025-01-15,NEFT-RETAIL-STORE-DEPOSIT,NEFT640865,,665293416.85,1710377938452.5122
2025-01-15,VENDOR-PAYMENT-CRUDE-OIL,VENDOR330677,1341272197.08,,1709036666255.4321
2025-01-15,NEFT-RETAIL-STORE-DEPOSIT,NEFT239183,,3043016860.85,1712079683116.2822
2025-01-15,TAX-OUTFLOW-ADVANCE,TAX994865,317933123.09,,1711761749993.1921
2025-01-15,PAYROLL-AND-OPERATIONS,PAYROLL860138,1353355043.85,,1710408394949.342
2025-01-15,PAYROLL-AND-OPERATIONS,PAYROLL145117,892085403.54,,1709516309545.802
2025-01-15,NEFT-PETROCHEM-EXPORT,NEFT562712,,1694379847.16,1711210689392.962
2025-01-15,PAYROLL-AND-OPERATIONS,PAYROLL577312,1341311473.89,,1709869377919.072
2025-01-15,VENDOR-PAYMENT-CRUDE-OIL,VENDOR131176,706378033.5,,1709162999885.572
2025-01-16,RTGS-JIO-TELECOM-REVENUE,RTGS732935,,1417446131.24,1710580446016.812
2025-01-16,NEFT-PETROCHEM-EXPORT,NEFT351130,,2764194829.46,1713344640846.272
2025-01-16,TAX-OUTFLOW-ADVANCE,TAX293445,635620857.86,,1712709019988.4119
2025-01-16,RTGS-JIO-TELECOM-REVENUE,RTGS431738,,1543547523.27,1714252567511.682
2025-01-16,PAYROLL-AND-OPERATIONS,PAYROLL384418,996066060.99,,1713256501450.692
2025-01-16,NEFT-RETAIL-STORE-DEPOSIT,NEFT196778,,4002738680.88,1717259240131.5718
2025-01-16,RTGS-JIO-TELECOM-REVENUE,RTGS827147,,2714288903.6,1719973529035.1719
2025-01-16,NEFT-PETROCHEM-EXPORT,NEFT133888,,1061934784.68,1721035463819.8518
2025-01-16,NEFT-PETROCHEM-EXPORT,NEFT103294,,4098432620.77,1725133896440.6218
2025-01-16,VENDOR-PAYMENT-CRUDE-OIL,VENDOR574214,1186990778.35,,1723946905662.2717
2025-01-16,RTGS-JIO-TELECOM-REVENUE,RTGS604758,,4143044877.66,1728089950539.9316
2025-01-17,TAX-OUTFLOW-ADVANCE,TAX375811,867076254.72,,1727222874285.2117
2025-01-17,NEFT-RETAIL-STORE-DEPOSIT,NEFT849833,,1410864232.4,1728633738517.6116
2025-01-17,TAX-OUTFLOW-ADVANCE,TAX482863,1364372644.74,,1727269365872.8716
2025-01-17,RTGS-JIO-TELECOM-REVENUE,RTGS265993,,580150831.69,1727849516704.5615
2025-01-17,RTGS-JIO-TELECOM-REVENUE,RTGS215836,,2870299684.93,1730719816389.4915
2025-01-17,NEFT-PETROCHEM-EXPORT,NEFT818675,,4228690720.51,1734948507110.0015
2025-01-17,TAX-OUTFLOW-ADVANCE,TAX435919,335078872.18,,1734613428237.8215
2025-01-18,VENDOR-PAYMENT-CRUDE-OIL,VENDOR706294,630229554.95,,1733983198682.8716
2025-01-18,PAYROLL-AND-OPERATIONS,PAYROLL391138,882106194.02,,1733101092488.8516
2025-01-18,VENDOR-PAYMENT-CRUDE-OIL,VENDOR802070,771672677.58,,1732329419811.2715
2025-01-18,NEFT-PETROCHEM-EXPORT,NEFT591738,,3595956944.54,1735925376755.8115
2025-01-18,NEFT-RETAIL-STORE-DEPOSIT,NEFT811144,,1929726898.33,1737855103654.1416
2025-01-18,PAYROLL-AND-OPERATIONS,PAYROLL628816,1179854151.29,,1736675249502.8516
2025-01-18,RTGS-JIO-TELECOM-REVENUE,RTGS473775,,3559119922.84,1740234369425.6917
2025-01-18,NEFT-RETAIL-STORE-DEPOSIT,NEFT826012,,966766609.72,1741201136035.4116
2025-01-19,VENDOR-PAYMENT-CRUDE-OIL,VENDOR498203,1194315424.29,,1740006820611.1216
2025-01-19,TAX-OUTFLOW-ADVANCE,TAX921062,1661392682.29,,1738345427928.8315
2025-01-19,VENDOR-PAYMENT-CRUDE-OIL,VENDOR815661,1200499100.93,,1737144928827.9016
2025-01-19,NEFT-RETAIL-STORE-DEPOSIT,NEFT596433,,1218941599.97,1738363870427.8716
2025-01-19,PAYROLL-AND-OPERATIONS,PAYROLL211241,926125523.54,,1737437744904.3315
2025-01-19,NEFT-PETROCHEM-EXPORT,NEFT764656,,2889326590.59,1740327071494.9216
2025-01-19,TAX-OUTFLOW-ADVANCE,TAX986112,507792706.62,,1739819278788.3015
2025-01-19,NEFT-PETROCHEM-EXPORT,NEFT892400,,1705222704.15,1741524501492.4514
2025-01-19,NEFT-RETAIL-STORE-DEPOSIT,NEFT899227,,3457040441.21,1744981541933.6614
2025-01-19,TAX-OUTFLOW-ADVANCE,TAX617743,905527798.61,,1744076014135.0513
2025-01-20,PAYROLL-AND-OPERATIONS,PAYROLL864741,1686692088.9,,1742389322046.1514
2025-01-20,NEFT-RETAIL-STORE-DEPOSIT,NEFT692267,,1858373664.19,1744247695710.3413
2025-01-20,RTGS-JIO-TELECOM-REVENUE,RTGS845432,,4675567574.84,1748923263285.1814
2025-01-20,VENDOR-PAYMENT-CRUDE-OIL,VENDOR158712,895667337.71,,1748027595947.4714
2025-01-20,RTGS-JIO-TELECOM-REVENUE,RTGS428950,,1455292871.12,1749482888818.5916
2025-01-20,NEFT-RETAIL-STORE-DEPOSIT,NEFT301128,,1764844443.43,1751247733262.0215
2025-01-20,PAYROLL-AND-OPERATIONS,PAYROLL826807,797128026.52,,1750450605235.5015
2025-01-20,TAX-OUTFLOW-ADVANCE,TAX773989,1677829531.47,,1748772775704.0315
2025-01-20,RTGS-JIO-TELECOM-REVENUE,RTGS818083,,4088783596.41,1752861559300.4414
2025-01-20,NEFT-PETROCHEM-EXPORT,NEFT759130,,848017552.94,1753709576853.3813
2025-01-20,PAYROLL-AND-OPERATIONS,PAYROLL187667,801150596.89,,1752908426256.4915
2025-01-21,PAYROLL-AND-OPERATIONS,PAYROLL639245,337278771.89,,1752571147484.6016
2025-01-21,RTGS-JIO-TELECOM-REVENUE,RTGS201362,,1182512091.35,1753753659575.9517
2025-01-21,NEFT-RETAIL-STORE-DEPOSIT,NEFT397055,,1105971353.3,1754859630929.2517
2025-01-21,NEFT-PETROCHEM-EXPORT,NEFT861216,,1267301109.23,1756126932038.4817
2025-01-21,RTGS-JIO-TELECOM-REVENUE,RTGS647870,,2051598214.47,1758178530252.9517
2025-01-21,RTGS-JIO-TELECOM-REVENUE,RTGS602587,,2311666468.73,1760490196721.6816
2025-01-21,NEFT-PETROCHEM-EXPORT,NEFT490098,,2305782260.5,1762795978982.1816
2025-01-22,RTGS-JIO-TELECOM-REVENUE,RTGS786791,,2027710843.73,1764823689825.9116
2025-01-22,NEFT-RETAIL-STORE-DEPOSIT,NEFT164212,,3284588289.39,1768108278115.3015
2025-01-22,PAYROLL-AND-OPERATIONS,PAYROLL551336,502305082.63,,1767605973032.6716
2025-01-22,NEFT-RETAIL-STORE-DEPOSIT,NEFT364525,,1664863864.13,1769270836896.8015
2025-01-22,NEFT-PETROCHEM-EXPORT,NEFT974944,,3346338545.84,1772617175442.6416
2025-01-22,VENDOR-PAYMENT-CRUDE-OIL,VENDOR819621,891065608.66,,1771726109833.9817
2025-01-22,NEFT-RETAIL-STORE-DEPOSIT,NEFT264806,,1419616153.59,1773145725987.5718
2025-01-22,NEFT-RETAIL-STORE-DEPOSIT,NEFT301094,,1373633416.53,1774519359404.1018
2025-01-22,RTGS-JIO-TELECOM-REVENUE,RTGS143290,,4859108400.63,1779378467804.7317
2025-01-23,NEFT-PETROCHEM-EXPORT,NEFT771378,,4535273399.04,1783913741203.7717
2025-01-23,VENDOR-PAYMENT-CRUDE-OIL,VENDOR378506,712093086.44,,1783201648117.3318
2025-01-23,TAX-OUTFLOW-ADVANCE,TAX121434,1569301128.32,,1781632346989.0117
2025-01-23,TAX-OUTFLOW-ADVANCE,TAX123767,418367937.07,,1781213979051.9417
2025-01-23,PAYROLL-AND-OPERATIONS,PAYROLL885802,1062499670.82,,1780151479381.1216
2025-01-23,RTGS-JIO-TELECOM-REVENUE,RTGS777446,,1803303055.32,1781954782436.4417
2025-01-24,VENDOR-PAYMENT-CRUDE-OIL,VENDOR928142,1161667990.4,,1780793114446.0417
2025-01-24,PAYROLL-AND-OPERATIONS,PAYROLL775528,1169947573.8,,1779623166872.2417
2025-01-24,VENDOR-PAYMENT-CRUDE-OIL,VENDOR258652,1325852101.74,,1778297314770.5017
2025-01-25,NEFT-PETROCHEM-EXPORT,NEFT679794,,2486122149.21,1780783436919.7117
2025-01-25,NEFT-RETAIL-STORE-DEPOSIT,NEFT146137,,601311692.74,1781384748612.4517
2025-01-25,NEFT-RETAIL-STORE-DEPOSIT,NEFT138408,,2189178310.29,1783573926922.7417
2025-01-25,TAX-OUTFLOW-ADVANCE,TAX462528,1825623787.02,,1781748303135.7217
2025-01-25,NEFT-RETAIL-STORE-DEPOSIT,NEFT996659,,2625955410.82,1784374258546.5417
2025-01-25,NEFT-PETROCHEM-EXPORT,NEFT876820,,4278546168.89,1788652804715.4316
2025-01-25,TAX-OUTFLOW-ADVANCE,TAX130317,732336521.22,,1787920468194.2117
2025-01-25,NEFT-PETROCHEM-EXPORT,NEFT745930,,838006320.11,1788758474514.3218
2025-01-25,RTGS-JIO-TELECOM-REVENUE,RTGS721361,,2471618565.32,1791230093079.6418
2025-01-25,NEFT-PETROCHEM-EXPORT,NEFT749937,,4676843893.91,1795906936973.5518
2025-01-25,VENDOR-PAYMENT-CRUDE-OIL,VENDOR647477,982556430.42,,1794924380543.1318
2025-01-26,NEFT-RETAIL-STORE-DEPOSIT,NEFT904811,,2639449485.09,1797563830028.222
2025-01-26,PAYROLL-AND-OPERATIONS,PAYROLL756791,1588479834.48,,1795975350193.742
2025-01-26,NEFT-PETROCHEM-EXPORT,NEFT505632,,4623350449.29,1800598700643.032
2025-01-26,TAX-OUTFLOW-ADVANCE,TAX802711,1139134928.97,,1799459565714.062
2025-01-26,NEFT-RETAIL-STORE-DEPOSIT,NEFT559475,,2774387488.15,1802233953202.212
2025-01-26,RTGS-JIO-TELECOM-REVENUE,RTGS870515,,2656190946.89,1804890144149.1018
2025-01-26,VENDOR-PAYMENT-CRUDE-OIL,VENDOR885113,1552749001.95,,1803337395147.1519
2025-01-26,RTGS-JIO-TELECOM-REVENUE,RTGS738141,,3050181525.81,1806387576672.962
2025-01-26,NEFT-RETAIL-STORE-DEPOSIT,NEFT484566,,3470845448.58,1809858422121.542
2025-01-27,PAYROLL-AND-OPERATIONS,PAYROLL650361,601105984.17,,1809257316137.372
2025-01-27,NEFT-PETROCHEM-EXPORT,NEFT929497,,3134218840.93,1812391534978.302
2025-01-27,NEFT-PETROCHEM-EXPORT,NEFT969331,,1113013335.89,1813504548314.192
2025-01-27,PAYROLL-AND-OPERATIONS,PAYROLL798165,331891632.84,,1813172656681.3518
2025-01-27,PAYROLL-AND-OPERATIONS,PAYROLL544921,436338326.02,,1812736318355.3318
2025-01-27,NEFT-RETAIL-STORE-DEPOSIT,NEFT499755,,3404975746.67,1816141294102.0017
2025-01-27,PAYROLL-AND-OPERATIONS,PAYROLL323320,1389596547.79,,1814751697554.2117
2025-01-28,RTGS-JIO-TELECOM-REVENUE,RTGS502621,,3036069057.37,1817787766611.5818
2025-01-28,VENDOR-PAYMENT-CRUDE-OIL,VENDOR920303,1580648525.12,,1816207118086.4617
2025-01-28,NEFT-PETROCHEM-EXPORT,NEFT741437,,3413201440.13,1819620319526.5916
2025-01-28,PAYROLL-AND-OPERATIONS,PAYROLL258319,1364486080.69,,1818255833445.9016
2025-01-28,PAYROLL-AND-OPERATIONS,PAYROLL359043,580672240.98,,1817675161204.9216
2025-01-28,RTGS-JIO-TELECOM-REVENUE,RTGS623066,,4905159181.89,1822580320386.8115
2025-01-28,TAX-OUTFLOW-ADVANCE,TAX378013,679155451.9,,1821901164934.9116
2025-01-28,RTGS-JIO-TELECOM-REVENUE,RTGS947571,,4048417140.39,1825949582075.3015
2025-01-29,NEFT-RETAIL-STORE-DEPOSIT,NEFT806837,,2656743027.14,1828606325102.4414
2025-01-29,VENDOR-PAYMENT-CRUDE-OIL,VENDOR192865,733161371.32,,1827873163731.1213
2025-01-29,NEFT-RETAIL-STORE-DEPOSIT,NEFT224530,,3968379789.73,1831841543520.8513
2025-01-29,NEFT-PETROCHEM-EXPORT,NEFT210260,,1944298560.94,1833785842081.7913
2025-01-30,VENDOR-PAYMENT-CRUDE-OIL,VENDOR545973,867960929.44,,1832917881152.3513
2025-01-30,VENDOR-PAYMENT-CRUDE-OIL,VENDOR331865,1105221605.85,,1831812659546.5012
2025-01-30,TAX-OUTFLOW-ADVANCE,TAX205584,1791199090.61,,1830021460455.891
2025-01-30,PAYROLL-AND-OPERATIONS,PAYROLL768760,1125525988.58,,1828895934467.311
2025-01-30,PAYROLL-AND-OPERATIONS,PAYROLL478541,1370833767.42,,1827525100699.891
2025-01-31,TAX-OUTFLOW-ADVANCE,TAX925016,305608919.77,,1827219491780.121
2025-01-31,NEFT-PETROCHEM-EXPORT,NEFT485816,,4869825172.47,1832089316952.591
2025-01-31,NEFT-PETROCHEM-EXPORT,NEFT119207,,2037442125.7,1834126759078.291
2025-01-31,PAYROLL-AND-OPERATIONS,PAYROLL795139,1859976933.0,,1832266782145.291
2025-01-31,TAX-OUTFLOW-ADVANCE,TAX894693,1403693174.04,,1830863088971.251
2025-01-31,VENDOR-PAYMENT-CRUDE-OIL,VENDOR940294,862539011.02,,1830000549960.231
2025-01-31,TAX-OUTFLOW-ADVANCE,TAX975204,480875121.83,,1829519674838.401
2025-02-01,NEFT-PETROCHEM-EXPORT,NEFT716970,,2755315931.69,1832274990770.0908
2025-02-01,RTGS-JIO-TELECOM-REVENUE,RTGS550958,,4286460762.16,1836561451532.2507
2025-02-01,RTGS-JIO-TELECOM-REVENUE,RTGS699576,,998257383.46,1837559708915.7107
2025-02-01,RTGS-JIO-TELECOM-REVENUE,RTGS623371,,1439808713.37,1838999517629.0808
2025-02-01,NEFT-RETAIL-STORE-DEPOSIT,NEFT204141,,1559828331.3,1840559345960.3809
2025-02-01,RTGS-JIO-TELECOM-REVENUE,RTGS409505,,2922326327.05,1843481672287.431
2025-02-02,VENDOR-PAYMENT-CRUDE-OIL,VENDOR996595,948099357.89,,1842533572929.541
2025-02-02,VENDOR-PAYMENT-CRUDE-OIL,VENDOR122750,1552628020.11,,1840980944909.431
2025-02-02,NEFT-PETROCHEM-EXPORT,NEFT719627,,4647400958.95,1845628345868.3809
2025-02-02,VENDOR-PAYMENT-CRUDE-OIL,VENDOR556850,817684000.48,,1844810661867.901
2025-02-02,NEFT-RETAIL-STORE-DEPOSIT,NEFT376272,,1800427183.79,1846611089051.691
2025-02-02,PAYROLL-AND-OPERATIONS,PAYROLL253002,1694085424.26,,1844917003627.431
2025-02-03,RTGS-JIO-TELECOM-REVENUE,RTGS941218,,1223965354.7,1846140968982.1309
2025-02-03,NEFT-PETROCHEM-EXPORT,NEFT627021,,1997582163.59,1848138551145.721
2025-02-03,RTGS-JIO-TELECOM-REVENUE,RTGS185907,,795504570.04,1848934055715.761
2025-02-03,RTGS-JIO-TELECOM-REVENUE,RTGS900466,,2219329474.6,1851153385190.361
2025-02-03,VENDOR-PAYMENT-CRUDE-OIL,VENDOR346387,1583114784.58,,1849570270405.781
2025-02-03,VENDOR-PAYMENT-CRUDE-OIL,VENDOR258142,608900661.77,,1848961369744.011
2025-02-03,NEFT-PETROCHEM-EXPORT,NEFT152844,,4478568131.57,1853439937875.581
2025-02-03,PAYROLL-AND-OPERATIONS,PAYROLL122761,1746240132.42,,1851693697743.1611
2025-02-04,PAYROLL-AND-OPERATIONS,PAYROLL380021,1606811293.98,,1850086886449.1812
2025-02-04,PAYROLL-AND-OPERATIONS,PAYROLL573261,1867235038.14,,1848219651411.0413
2025-02-04,TAX-OUTFLOW-ADVANCE,TAX470442,1593445900.61,,1846626205510.4312
2025-02-04,PAYROLL-AND-OPERATIONS,PAYROLL432205,896965262.61,,1845729240247.821
2025-02-04,PAYROLL-AND-OPERATIONS,PAYROLL373522,1590488752.43,,1844138751495.391
2025-02-04,PAYROLL-AND-OPERATIONS,PAYROLL827180,1139513855.74,,1842999237639.6511
2025-02-04,RTGS-JIO-TELECOM-REVENUE,RTGS278152,,1501604489.86,1844500842129.5112
2025-02-04,TAX-OUTFLOW-ADVANCE,TAX185642,566120439.24,,1843934721690.2712
2025-02-04,VENDOR-PAYMENT-CRUDE-OIL,VENDOR600759,1115285897.27,,1842819435793.0012
2025-02-05,TAX-OUTFLOW-ADVANCE,TAX165267,614414462.47,,1842205021330.5312
2025-02-05,NEFT-PETROCHEM-EXPORT,NEFT759628,,1758148743.33,1843963170073.8613
2025-02-05,VENDOR-PAYMENT-CRUDE-OIL,VENDOR892242,1838945931.46,,1842124224142.4014
2025-02-05,TAX-OUTFLOW-ADVANCE,TAX321568,1841834795.36,,1840282389347.0413
2025-02-05,RTGS-JIO-TELECOM-REVENUE,RTGS618652,,2548038366.66,1842830427713.7012
2025-02-05,TAX-OUTFLOW-ADVANCE,TAX959343,1061471611.94,,1841768956101.7612
2025-02-06,VENDOR-PAYMENT-CRUDE-OIL,VENDOR419891,1611893076.72,,1840157063025.0413
2025-02-06,TAX-OUTFLOW-ADVANCE,TAX139174,1728143397.86,,1838428919627.1812
2025-02-06,NEFT-RETAIL-STORE-DEPOSIT,NEFT867944,,3845689347.1,1842274608974.2812
2025-02-06,RTGS-JIO-TELECOM-REVENUE,RTGS215964,,4815896789.81,1847090505764.0913
2025-02-07,PAYROLL-AND-OPERATIONS,PAYROLL357521,343564167.04,,1846746941597.0513
2025-02-07,NEFT-RETAIL-STORE-DEPOSIT,NEFT323102,,2571980141.4,1849318921738.4512
2025-02-07,NEFT-RETAIL-STORE-DEPOSIT,NEFT695358,,1223006043.97,1850541927782.4211
2025-02-07,NEFT-RETAIL-STORE-DEPOSIT,NEFT190723,,1177410814.3,1851719338596.7212
2025-02-07,NEFT-PETROCHEM-EXPORT,NEFT578362,,819669268.31,1852539007865.0312
2025-02-07,NEFT-RETAIL-STORE-DEPOSIT,NEFT211979,,3092160518.0,1855631168383.0312
2025-02-07,TAX-OUTFLOW-ADVANCE,TAX423864,1130431080.5,,1854500737302.5312
2025-02-08,RTGS-JIO-TELECOM-REVENUE,RTGS833273,,1280963809.95,1855781701112.4812
2025-02-08,NEFT-PETROCHEM-EXPORT,NEFT210088,,1955483821.1,1857737184933.5813
2025-02-08,TAX-OUTFLOW-ADVANCE,TAX779743,1983244510.8,,1855753940422.7812
2025-02-08,PAYROLL-AND-OPERATIONS,PAYROLL421810,436361984.47,,1855317578438.3113
2025-02-08,RTGS-JIO-TELECOM-REVENUE,RTGS359407,,4795349685.27,1860112928123.5813
2025-02-08,NEFT-PETROCHEM-EXPORT,NEFT245366,,2878174771.36,1862991102894.9414
2025-02-08,TAX-OUTFLOW-ADVANCE,TAX325173,1402525626.61,,1861588577268.3313
2025-02-09,NEFT-PETROCHEM-EXPORT,NEFT309399,,888486686.22,1862477063954.5513
2025-02-09,NEFT-RETAIL-STORE-DEPOSIT,NEFT755961,,699471138.5,1863176535093.0513
2025-02-09,RTGS-JIO-TELECOM-REVENUE,RTGS983520,,576662318.86,1863753197411.9114
2025-02-09,TAX-OUTFLOW-ADVANCE,TAX834867,1206847842.74,,1862546349569.1714
2025-02-09,NEFT-PETROCHEM-EXPORT,NEFT243723,,2504601622.32,1865050951191.4915
2025-02-10,RTGS-JIO-TELECOM-REVENUE,RTGS362115,,4176717863.68,1869227669055.1714
2025-02-10,PAYROLL-AND-OPERATIONS,PAYROLL186576,1427855887.99,,1867799813167.1814
2025-02-10,VENDOR-PAYMENT-CRUDE-OIL,VENDOR412142,958881760.01,,1866840931407.1714
2025-02-10,PAYROLL-AND-OPERATIONS,PAYROLL277848,1348901720.52,,1865492029686.6514
2025-02-10,VENDOR-PAYMENT-CRUDE-OIL,VENDOR585425,1325906935.23,,1864166122751.4214
2025-02-10,VENDOR-PAYMENT-CRUDE-OIL,VENDOR263236,1972630675.28,,1862193492076.1414
2025-02-10,PAYROLL-AND-OPERATIONS,PAYROLL117917,1251070892.89,,1860942421183.2515
2025-02-11,PAYROLL-AND-OPERATIONS,PAYROLL741943,1737071384.77,,1859205349798.4814
2025-02-11,TAX-OUTFLOW-ADVANCE,TAX595173,576773588.16,,1858628576210.3215
2025-02-12,RTGS-JIO-TELECOM-REVENUE,RTGS881121,,2624238423.42,1861252814633.7415
2025-02-12,NEFT-RETAIL-STORE-DEPOSIT,NEFT655225,,3030108331.74,1864282922965.4814
2025-02-12,VENDOR-PAYMENT-CRUDE-OIL,VENDOR333859,1752125603.43,,1862530797362.0515
2025-02-12,VENDOR-PAYMENT-CRUDE-OIL,VENDOR885356,1524006365.55,,1861006790996.5015
2025-02-12,PAYROLL-AND-OPERATIONS,PAYROLL499261,480157161.97,,1860526633834.5315
2025-02-12,VENDOR-PAYMENT-CRUDE-OIL,VENDOR728700,985830124.19,,1859540803710.3416
2025-02-12,TAX-OUTFLOW-ADVANCE,TAX882705,561984014.92,,1858978819695.4216
2025-02-12,NEFT-PETROCHEM-EXPORT,NEFT967245,,4525535538.08,1863504355233.5017
2025-02-13,PAYROLL-AND-OPERATIONS,PAYROLL463564,1573712666.43,,1861930642567.0718
2025-02-13,PAYROLL-AND-OPERATIONS,PAYROLL125082,303512516.56,,1861627130050.5117
2025-02-13,RTGS-JIO-TELECOM-REVENUE,RTGS645436,,2230729400.59,1863857859451.1018
2025-02-13,VENDOR-PAYMENT-CRUDE-OIL,VENDOR163276,1589723720.75,,1862268135730.3518
2025-02-13,NEFT-RETAIL-STORE-DEPOSIT,NEFT186410,,3854407164.99,1866122542895.3418
2025-02-13,NEFT-RETAIL-STORE-DEPOSIT,NEFT101301,,4243763667.84,1870366306563.182
2025-02-13,TAX-OUTFLOW-ADVANCE,TAX515834,1488020026.88,,1868878286536.302
2025-02-13,NEFT-PETROCHEM-EXPORT,NEFT973781,,1505486850.51,1870383773386.812
2025-02-13,NEFT-RETAIL-STORE-DEPOSIT,NEFT382742,,3032478874.91,1873416252261.722
2025-02-13,NEFT-RETAIL-STORE-DEPOSIT,NEFT291575,,1851663616.46,1875267915878.182
2025-02-13,NEFT-RETAIL-STORE-DEPOSIT,NEFT228451,,3059911892.58,1878327827770.762
2025-02-14,RTGS-JIO-TELECOM-REVENUE,RTGS456648,,1862787126.08,1880190614896.842
2025-02-14,VENDOR-PAYMENT-CRUDE-OIL,VENDOR202269,1454590817.06,,1878736024079.782
2025-02-14,NEFT-PETROCHEM-EXPORT,NEFT926680,,4341314843.77,1883077338923.552
2025-02-14,NEFT-RETAIL-STORE-DEPOSIT,NEFT626419,,3980908982.47,1887058247906.022
2025-02-14,RTGS-JIO-TELECOM-REVENUE,RTGS187265,,4397968292.21,1891456216198.232
2025-02-14,VENDOR-PAYMENT-CRUDE-OIL,VENDOR714687,666169740.32,,1890790046457.9119
2025-02-14,TAX-OUTFLOW-ADVANCE,TAX510811,1225590827.52,,1889564455630.3918
2025-02-14,VENDOR-PAYMENT-CRUDE-OIL,VENDOR319446,466301710.92,,1889098153919.472
2025-02-14,NEFT-RETAIL-STORE-DEPOSIT,NEFT700722,,997802951.84,1890095956871.312
2025-02-14,RTGS-JIO-TELECOM-REVENUE,RTGS746637,,3903931402.73,1893999888274.042
2025-02-14,NEFT-RETAIL-STORE-DEPOSIT,NEFT252286,,830099293.55,1894829987567.592
2025-02-15,RTGS-JIO-TELECOM-REVENUE,RTGS256349,,2564260449.56,1897394248017.152
2025-02-15,TAX-OUTFLOW-ADVANCE,TAX482919,739620974.63,,1896654627042.5222
2025-02-15,NEFT-PETROCHEM-EXPORT,NEFT548794,,3393294101.04,1900047921143.5623
2025-02-15,VENDOR-PAYMENT-CRUDE-OIL,VENDOR930317,829524767.03,,1899218396376.5322
2025-02-15,NEFT-RETAIL-STORE-DEPOSIT,NEFT822730,,3569343078.11,1902787739454.6423
2025-02-15,NEFT-RETAIL-STORE-DEPOSIT,NEFT524772,,2181316172.35,1904969055626.9924
2025-02-15,VENDOR-PAYMENT-CRUDE-OIL,VENDOR967213,384459098.08,,1904584596528.9124
2025-02-16,NEFT-RETAIL-STORE-DEPOSIT,NEFT122033,,2246215962.57,1906830812491.4824
2025-02-16,NEFT-RETAIL-STORE-DEPOSIT,NEFT341218,,3405374152.14,1910236186643.6223
2025-02-16,PAYROLL-AND-OPERATIONS,PAYROLL942934,1941804062.1,,1908294382581.5222
2025-02-16,TAX-OUTFLOW-ADVANCE,TAX158499,1994257391.36,,1906300125190.162
2025-02-16,PAYROLL-AND-OPERATIONS,PAYROLL218645,1928856437.16,,1904371268753.0022
2025-02-16,VENDOR-PAYMENT-CRUDE-OIL,VENDOR333871,1069531951.99,,1903301736801.0122
2025-02-17,NEFT-PETROCHEM-EXPORT,NEFT685555,,3130470718.59,1906432207519.6023
2025-02-17,PAYROLL-AND-OPERATIONS,PAYROLL488991,1263659933.04,,1905168547586.5623
2025-02-17,TAX-OUTFLOW-ADVANCE,TAX481337,1451570168.7,,1903716977417.8623
2025-02-17,TAX-OUTFLOW-ADVANCE,TAX832043,1849304138.1,,1901867673279.7622
2025-02-17,TAX-OUTFLOW-ADVANCE,TAX990277,1916393828.85,,1899951279450.912
2025-02-17,VENDOR-PAYMENT-CRUDE-OIL,VENDOR674581,748775410.78,,1899202504040.132
2025-02-17,NEFT-RETAIL-STORE-DEPOSIT,NEFT949663,,2768159885.03,1901970663925.162
2025-02-17,RTGS-JIO-TELECOM-REVENUE,RTGS860261,,4836461383.71,1906807125308.872
2025-02-17,NEFT-RETAIL-STORE-DEPOSIT,NEFT608073,,1664218727.14,1908471344036.012
2025-02-18,PAYROLL-AND-OPERATIONS,PAYROLL789490,1386640135.92,,1907084703900.092
2025-02-18,VENDOR-PAYMENT-CRUDE-OIL,VENDOR338893,1464564236.84,,1905620139663.252
2025-02-18,NEFT-RETAIL-STORE-DEPOSIT,NEFT980467,,2742308335.11,1908362447998.362
2025-02-18,VENDOR-PAYMENT-CRUDE-OIL,VENDOR950769,873905263.46,,1907488542734.902
2025-02-18,NEFT-RETAIL-STORE-DEPOSIT,NEFT136354,,1701578176.07,1909190120910.9722
2025-02-19,TAX-OUTFLOW-ADVANCE,TAX254942,1732181540.67,,1907457939370.3022
2025-02-19,PAYROLL-AND-OPERATIONS,PAYROLL227671,1434050168.76,,1906023889201.5422
2025-02-19,PAYROLL-AND-OPERATIONS,PAYROLL877648,1001627697.68,,1905022261503.8623
2025-02-19,VENDOR-PAYMENT-CRUDE-OIL,VENDOR144920,1811325673.78,,1903210935830.0823
2025-02-19,NEFT-PETROCHEM-EXPORT,NEFT964994,,4128081881.66,1907339017711.7422
2025-02-20,NEFT-PETROCHEM-EXPORT,NEFT201697,,4661302112.7,1912000319824.4421
2025-02-20,NEFT-RETAIL-STORE-DEPOSIT,NEFT747909,,815669855.3,1912815989679.7422
2025-02-20,PAYROLL-AND-OPERATIONS,PAYROLL754201,1329785219.28,,1911486204460.4622
2025-02-20,PAYROLL-AND-OPERATIONS,PAYROLL748084,718178505.17,,1910768025955.2922
2025-02-20,RTGS-JIO-TELECOM-REVENUE,RTGS908684,,4913739008.31,1915681764963.6023
2025-02-20,NEFT-PETROCHEM-EXPORT,NEFT654617,,2689526763.23,1918371291726.8323
2025-02-20,NEFT-RETAIL-STORE-DEPOSIT,NEFT437951,,3284737770.81,1921656029497.6423
2025-02-20,NEFT-RETAIL-STORE-DEPOSIT,NEFT343392,,1979381483.15,1923635410980.7922
2025-02-20,NEFT-RETAIL-STORE-DEPOSIT,NEFT522741,,4022230426.42,1927657641407.2122
2025-02-20,TAX-OUTFLOW-ADVANCE,TAX220623,1811125972.28,,1925846515434.9321
2025-02-21,NEFT-PETROCHEM-EXPORT,NEFT902478,,4562788440.68,1930409303875.612
2025-02-21,NEFT-RETAIL-STORE-DEPOSIT,NEFT630028,,4862795102.7,1935272098978.312
2025-02-21,RTGS-JIO-TELECOM-REVENUE,RTGS841848,,4981774599.88,1940253873578.192
2025-02-21,RTGS-JIO-TELECOM-REVENUE,RTGS864503,,2495766008.0,1942749639586.192
2025-02-21,VENDOR-PAYMENT-CRUDE-OIL,VENDOR794042,1867771650.24,,1940881867935.952
2025-02-21,TAX-OUTFLOW-ADVANCE,TAX245722,564334879.79,,1940317533056.1619
2025-02-21,PAYROLL-AND-OPERATIONS,PAYROLL559072,1488989059.18,,1938828543996.982
2025-02-21,PAYROLL-AND-OPERATIONS,PAYROLL401717,1919321211.17,,1936909222785.812
2025-02-21,PAYROLL-AND-OPERATIONS,PAYROLL821039,1896851867.64,,1935012370918.172
2025-02-21,NEFT-RETAIL-STORE-DEPOSIT,NEFT231667,,1634730936.99,1936647101855.162
2025-02-22,RTGS-JIO-TELECOM-REVENUE,RTGS644240,,3801577770.9,1940448679626.062
2025-02-22,VENDOR-PAYMENT-CRUDE-OIL,VENDOR659022,472913416.48,,1939975766209.582
2025-02-22,NEFT-RETAIL-STORE-DEPOSIT,NEFT364572,,1857993670.08,1941833759879.662
2025-02-22,NEFT-RETAIL-STORE-DEPOSIT,NEFT579628,,3945253845.23,1945779013724.892
2025-02-22,RTGS-JIO-TELECOM-REVENUE,RTGS624755,,4555192141.94,1950334205866.832
2025-02-23,RTGS-JIO-TELECOM-REVENUE,RTGS425071,,861005582.29,1951195211449.122
2025-02-23,NEFT-RETAIL-STORE-DEPOSIT,NEFT742936,,1215330668.97,1952410542118.092
2025-02-23,TAX-OUTFLOW-ADVANCE,TAX540960,835251097.33,,1951575291020.762
2025-02-23,NEFT-PETROCHEM-EXPORT,NEFT136460,,3959195438.08,1955534486458.842
2025-02-23,TAX-OUTFLOW-ADVANCE,TAX130544,965889185.53,,1954568597273.312
2025-02-23,NEFT-PETROCHEM-EXPORT,NEFT257777,,4557774999.73,1959126372273.042
2025-02-23,NEFT-RETAIL-STORE-DEPOSIT,NEFT555782,,3446440606.42,1962572812879.462
2025-02-23,RTGS-JIO-TELECOM-REVENUE,RTGS401952,,3307077357.38,1965879890236.8418
2025-02-24,NEFT-PETROCHEM-EXPORT,NEFT703004,,2333304099.1,1968213194335.942
2025-02-24,PAYROLL-AND-OPERATIONS,PAYROLL149444,1382562124.32,,1966830632211.6218
2025-02-24,VENDOR-PAYMENT-CRUDE-OIL,VENDOR532831,1749804958.31,,1965080827253.3118
2025-02-24,NEFT-RETAIL-STORE-DEPOSIT,NEFT630643,,1639932410.96,1966720759664.2717
2025-02-24,PAYROLL-AND-OPERATIONS,PAYROLL121834,1505237340.22,,1965215522324.0518
2025-02-25,NEFT-PETROCHEM-EXPORT,NEFT658490,,684693633.96,1965900215958.0117
2025-02-25,TAX-OUTFLOW-ADVANCE,TAX667270,1607819346.42,,1964292396611.5918
2025-02-25,RTGS-JIO-TELECOM-REVENUE,RTGS908356,,881874575.6,1965174271187.192
2025-02-25,PAYROLL-AND-OPERATIONS,PAYROLL835736,1492726656.64,,1963681544530.552
2025-02-25,NEFT-RETAIL-STORE-DEPOSIT,NEFT787367,,1473195253.98,1965154739784.532
2025-02-25,RTGS-JIO-TELECOM-REVENUE,RTGS489334,,3781916241.54,1968936656026.072
2025-02-25,NEFT-RETAIL-STORE-DEPOSIT,NEFT151755,,3167864804.15,1972104520830.222
2025-02-25,NEFT-RETAIL-STORE-DEPOSIT,NEFT249320,,4533112423.55,1976637633253.772
2025-02-25,NEFT-PETROCHEM-EXPORT,NEFT992502,,604979761.28,1977242613015.052
2025-02-26,TAX-OUTFLOW-ADVANCE,TAX236271,453889379.3,,1976788723635.752
2025-02-26,VENDOR-PAYMENT-CRUDE-OIL,VENDOR187061,1069475104.53,,1975719248531.222
2025-02-26,PAYROLL-AND-OPERATIONS,PAYROLL898219,330275540.19,,1975388972991.032
2025-02-26,VENDOR-PAYMENT-CRUDE-OIL,VENDOR753266,1258380098.39,,1974130592892.642
2025-02-26,RTGS-JIO-TELECOM-REVENUE,RTGS366240,,2902232247.63,1977032825140.272
2025-02-26,TAX-OUTFLOW-ADVANCE,TAX594056,573598968.58,,1976459226171.692
2025-02-26,PAYROLL-AND-OPERATIONS,PAYROLL328970,1053307494.22,,1975405918677.472
2025-02-26,PAYROLL-AND-OPERATIONS,PAYROLL894091,1471582932.0,,1973934335745.472
2025-02-26,RTGS-JIO-TELECOM-REVENUE,RTGS275522,,600473834.2,1974534809579.6719
2025-02-26,PAYROLL-AND-OPERATIONS,PAYROLL988836,392041448.86,,1974142768130.8118
2025-02-26,NEFT-RETAIL-STORE-DEPOSIT,NEFT703958,,4270432985.43,1978413201116.2417
2025-02-26,PAYROLL-AND-OPERATIONS,PAYROLL106547,641169716.36,,1977772031399.8816
2025-02-26,NEFT-RETAIL-STORE-DEPOSIT,NEFT807510,,1697476261.96,1979469507661.8416
2025-02-26,NEFT-RETAIL-STORE-DEPOSIT,NEFT710251,,4089808911.71,1983559316573.5515
2025-02-27,VENDOR-PAYMENT-CRUDE-OIL,VENDOR319582,1716571562.35,,1981842745011.2014
2025-02-27,VENDOR-PAYMENT-CRUDE-OIL,VENDOR731885,1177275435.33,,1980665469575.8713
2025-02-27,RTGS-JIO-TELECOM-REVENUE,RTGS327894,,1109031688.87,1981774501264.7415
2025-02-27,NEFT-PETROCHEM-EXPORT,NEFT246767,,3529351541.46,1985303852806.2014
2025-02-27,NEFT-RETAIL-STORE-DEPOSIT,NEFT137541,,3963704415.96,1989267557222.1614
2025-02-27,PAYROLL-AND-OPERATIONS,PAYROLL875060,1913655837.2,,1987353901384.9614
2025-02-27,VENDOR-PAYMENT-CRUDE-OIL,VENDOR419905,1665175711.7,,1985688725673.2615
2025-02-27,PAYROLL-AND-OPERATIONS,PAYROLL248063,1822115404.41,,1983866610268.8516
2025-02-27,PAYROLL-AND-OPERATIONS,PAYROLL713382,497941807.75,,1983368668461.1016
2025-02-28,TAX-OUTFLOW-ADVANCE,TAX429806,1157096303.29,,1982211572157.8115
2025-02-28,NEFT-RETAIL-STORE-DEPOSIT,NEFT403586,,4424462981.01,1986636035138.8215
2025-02-28,TAX-OUTFLOW-ADVANCE,TAX824518,1611460758.05,,1985024574380.7715
2025-02-28,RTGS-JIO-TELECOM-REVENUE,RTGS507652,,1979940462.83,1987004514843.6016
2025-02-28,TAX-OUTFLOW-ADVANCE,TAX396959,1878252724.56,,1985126262119.0415
2025-02-28,PAYROLL-AND-OPERATIONS,PAYROLL460962,1322051125.36,,1983804210993.6814
2025-03-01,NEFT-RETAIL-STORE-DEPOSIT,NEFT327560,,4047856157.02,1987852067150.7014
2025-03-01,NEFT-PETROCHEM-EXPORT,NEFT232840,,4163023751.92,1992015090902.6213
2025-03-01,NEFT-PETROCHEM-EXPORT,NEFT960942,,2549663536.63,1994564754439.2512
2025-03-01,RTGS-JIO-TELECOM-REVENUE,RTGS262860,,958364035.97,1995523118475.2212
2025-03-01,PAYROLL-AND-OPERATIONS,PAYROLL518024,1112264867.91,,1994410853607.3113
2025-03-01,RTGS-JIO-TELECOM-REVENUE,RTGS185031,,1074037856.95,1995484891464.2612
2025-03-01,NEFT-RETAIL-STORE-DEPOSIT,NEFT270562,,2666610391.77,1998151501856.0312
2025-03-01,PAYROLL-AND-OPERATIONS,PAYROLL628587,501135910.3,,1997650365945.7312
2025-03-01,RTGS-JIO-TELECOM-REVENUE,RTGS579894,,2603947745.13,2000254313690.861
2025-03-01,TAX-OUTFLOW-ADVANCE,TAX993591,622382841.85,,1999631930849.011
2025-03-01,RTGS-JIO-TELECOM-REVENUE,RTGS895535,,2300832179.66,2001932763028.671
2025-03-01,VENDOR-PAYMENT-CRUDE-OIL,VENDOR322679,1435154592.62,,2000497608436.0508
2025-03-02,TAX-OUTFLOW-ADVANCE,TAX874026,1501785282.84,,1998995823153.2107
2025-03-02,TAX-OUTFLOW-ADVANCE,TAX505899,351360347.79,,1998644462805.4207
2025-03-02,NEFT-RETAIL-STORE-DEPOSIT,NEFT749188,,1880295172.48,2000524757977.9006
2025-03-02,TAX-OUTFLOW-ADVANCE,TAX476883,859290135.54,,1999665467842.3606
2025-03-02,RTGS-JIO-TELECOM-REVENUE,RTGS448240,,4307810066.54,2003973277908.9006
2025-03-02,PAYROLL-AND-OPERATIONS,PAYROLL383711,1392890298.76,,2002580387610.1406
2025-03-03,RTGS-JIO-TELECOM-REVENUE,RTGS417814,,4845476026.48,2007425863636.6206
2025-03-03,TAX-OUTFLOW-ADVANCE,TAX208338,1750427983.25,,2005675435653.3706
2025-03-03,NEFT-PETROCHEM-EXPORT,NEFT338295,,3887681341.15,2009563116994.5205
2025-03-03,VENDOR-PAYMENT-CRUDE-OIL,VENDOR794931,405066417.0,,2009158050577.5205
2025-03-03,PAYROLL-AND-OPERATIONS,PAYROLL786949,1576829208.84,,2007581221368.6804
2025-03-03,VENDOR-PAYMENT-CRUDE-OIL,VENDOR105248,497190218.79,,2007084031149.8904
2025-03-04,NEFT-RETAIL-STORE-DEPOSIT,NEFT623216,,3372574988.02,2010456606137.9104
2025-03-04,VENDOR-PAYMENT-CRUDE-OIL,VENDOR485392,707704766.97,,2009748901370.9404
2025-03-04,NEFT-RETAIL-STORE-DEPOSIT,NEFT528219,,1280393833.77,2011029295204.7104
2025-03-04,VENDOR-PAYMENT-CRUDE-OIL,VENDOR866728,1746491648.03,,2009282803556.6804
2025-03-04,RTGS-JIO-TELECOM-REVENUE,RTGS617437,,1906819768.18,2011189623324.8604
2025-03-04,TAX-OUTFLOW-ADVANCE,TAX149733,1067197117.35,,2010122426207.5103
2025-03-04,NEFT-RETAIL-STORE-DEPOSIT,NEFT191480,,1347123089.49,2011469549297.0002
2025-03-04,NEFT-PETROCHEM-EXPORT,NEFT681560,,3117119102.03,2014586668399.0303
2025-03-04,TAX-OUTFLOW-ADVANCE,TAX996683,1716700856.55,,2012869967542.4802
2025-03-04,RTGS-JIO-TELECOM-REVENUE,RTGS696916,,4622236708.3,2017492204250.7803
2025-03-05,VENDOR-PAYMENT-CRUDE-OIL,VENDOR644513,1888440270.55,,2015603763980.2302
2025-03-05,RTGS-JIO-TELECOM-REVENUE,RTGS853943,,4493491068.05,2020097255048.2803
2025-03-05,NEFT-PETROCHEM-EXPORT,NEFT840376,,2372464331.25,2022469719379.5303
2025-03-05,VENDOR-PAYMENT-CRUDE-OIL,VENDOR573697,422824372.44,,2022046895007.0903
2025-03-05,VENDOR-PAYMENT-CRUDE-OIL,VENDOR628724,669631412.34,,2021377263594.7502
2025-03-05,RTGS-JIO-TELECOM-REVENUE,RTGS282142,,924292680.06,2022301556274.8103
2025-03-06,VENDOR-PAYMENT-CRUDE-OIL,VENDOR756896,615283747.64,,2021686272527.1704
2025-03-06,NEFT-PETROCHEM-EXPORT,NEFT161706,,4427049189.65,2026113321716.8203
2025-03-06,TAX-OUTFLOW-ADVANCE,TAX266916,1094005305.94,,2025019316410.8804
2025-03-06,NEFT-PETROCHEM-EXPORT,NEFT533219,,2989790211.57,2028009106622.4504
2025-03-07,VENDOR-PAYMENT-CRUDE-OIL,VENDOR876738,511211240.52,,2027497895381.9304
2025-03-07,TAX-OUTFLOW-ADVANCE,TAX942065,384273577.07,,2027113621804.8604
2025-03-07,PAYROLL-AND-OPERATIONS,PAYROLL814016,537541538.6,,2026576080266.2603
2025-03-07,PAYROLL-AND-OPERATIONS,PAYROLL974812,427548336.04,,2026148531930.2202
2025-03-07,NEFT-PETROCHEM-EXPORT,NEFT584471,,4156033926.12,2030304565856.3403
2025-03-07,TAX-OUTFLOW-ADVANCE,TAX586320,367963171.28,,2029936602685.0603
2025-03-08,RTGS-JIO-TELECOM-REVENUE,RTGS299362,,3341545421.18,2033278148106.2402
2025-03-08,RTGS-JIO-TELECOM-REVENUE,RTGS585738,,1475442731.87,2034753590838.1104
2025-03-08,NEFT-RETAIL-STORE-DEPOSIT,NEFT570440,,1382031724.9,2036135622563.0103
2025-03-08,PAYROLL-AND-OPERATIONS,PAYROLL185472,1474395238.07,,2034661227324.9402
2025-03-08,TAX-OUTFLOW-ADVANCE,TAX331143,703327295.48,,2033957900029.4602
2025-03-08,RTGS-JIO-TELECOM-REVENUE,RTGS606880,,2636321766.76,2036594221796.2202
2025-03-08,NEFT-RETAIL-STORE-DEPOSIT,NEFT801650,,4394002479.81,2040988224276.0303
2025-03-08,RTGS-JIO-TELECOM-REVENUE,RTGS307707,,4368720414.53,2045356944690.5603
2025-03-08,PAYROLL-AND-OPERATIONS,PAYROLL704805,869958490.01,,2044486986200.5503
2025-03-08,NEFT-PETROCHEM-EXPORT,NEFT547436,,2408398082.51,2046895384283.0603
2025-03-09,VENDOR-PAYMENT-CRUDE-OIL,VENDOR910732,1401968908.19,,2045493415374.8704
2025-03-09,VENDOR-PAYMENT-CRUDE-OIL,VENDOR204918,1104199777.69,,2044389215597.1804
2025-03-09,RTGS-JIO-TELECOM-REVENUE,RTGS442495,,795871419.66,2045185087016.8403
2025-03-10,NEFT-PETROCHEM-EXPORT,NEFT495897,,2496369944.56,2047681456961.4004
2025-03-10,RTGS-JIO-TELECOM-REVENUE,RTGS458939,,3241098215.88,2050922555177.2803
2025-03-10,NEFT-RETAIL-STORE-DEPOSIT,NEFT594296,,3286994828.26,2054209550005.5403
2025-03-10,RTGS-JIO-TELECOM-REVENUE,RTGS912633,,884684874.44,2055094234879.9802
2025-03-10,VENDOR-PAYMENT-CRUDE-OIL,VENDOR657613,1860898848.3,,2053233336031.6802
2025-03-10,NEFT-PETROCHEM-EXPORT,NEFT872916,,2728498640.72,2055961834672.4001
2025-03-10,RTGS-JIO-TELECOM-REVENUE,RTGS695913,,3732965567.85,2059694800240.2502
2025-03-10,NEFT-PETROCHEM-EXPORT,NEFT217344,,4390073773.71,2064084874013.9602
2025-03-10,VENDOR-PAYMENT-CRUDE-OIL,VENDOR970155,771810591.98,,2063313063421.9802
2025-03-10,NEFT-PETROCHEM-EXPORT,NEFT390748,,1142491424.7,2064455554846.6802
2025-03-11,NEFT-RETAIL-STORE-DEPOSIT,NEFT576874,,878077244.33,2065333632091.0103
2025-03-11,TAX-OUTFLOW-ADVANCE,TAX554275,1589404120.52,,2063744227970.4902
2025-03-11,RTGS-JIO-TELECOM-REVENUE,RTGS666636,,3530969248.74,2067275197219.2302
2025-03-11,TAX-OUTFLOW-ADVANCE,TAX113273,481642174.85,,2066793555044.3801
2025-03-11,VENDOR-PAYMENT-CRUDE-OIL,VENDOR362817,1336414841.7,,2065457140202.6802
2025-03-11,TAX-OUTFLOW-ADVANCE,TAX912051,628331093.45,,2064828809109.2302
2025-03-11,TAX-OUTFLOW-ADVANCE,TAX877192,1224827604.88,,2063603981504.3503
2025-03-11,NEFT-RETAIL-STORE-DEPOSIT,NEFT129113,,2817396181.14,2066421377685.4902
2025-03-11,PAYROLL-AND-OPERATIONS,PAYROLL168301,438104964.46,,2065983272721.0303
2025-03-12,RTGS-JIO-TELECOM-REVENUE,RTGS672202,,1816790832.09,2067800063553.1204
2025-03-12,NEFT-RETAIL-STORE-DEPOSIT,NEFT183502,,4335139531.69,2072135203084.8103
2025-03-12,RTGS-JIO-TELECOM-REVENUE,RTGS261376,,1787273806.35,2073922476891.1604
2025-03-12,PAYROLL-AND-OPERATIONS,PAYROLL760066,1850167127.98,,2072072309763.1804
2025-03-12,VENDOR-PAYMENT-CRUDE-OIL,VENDOR822904,1446581885.41,,2070625727877.7705
2025-03-12,NEFT-RETAIL-STORE-DEPOSIT,NEFT219905,,1666988217.79,2072292716095.5605
2025-03-12,TAX-OUTFLOW-ADVANCE,TAX420974,1727311490.67,,2070565404604.8906
2025-03-12,PAYROLL-AND-OPERATIONS,PAYROLL277143,485636840.76,,2070079767764.1306
2025-03-12,VENDOR-PAYMENT-CRUDE-OIL,VENDOR885951,1242094656.08,,2068837673108.0505
2025-03-12,NEFT-PETROCHEM-EXPORT,NEFT898414,,1142903769.07,2069980576877.1206
2025-03-12,NEFT-PETROCHEM-EXPORT,NEFT382386,,1846814883.98,2071827391761.1006
2025-03-12,NEFT-PETROCHEM-EXPORT,NEFT828997,,4643716843.66,2076471108604.7605
2025-03-12,TAX-OUTFLOW-ADVANCE,TAX408976,1935751511.54,,2074535357093.2205
2025-03-12,TAX-OUTFLOW-ADVANCE,TAX462002,1847035087.2,,2072688322006.0205
2025-03-12,TAX-OUTFLOW-ADVANCE,TAX684756,1148425072.09,,2071539896933.9304
2025-03-13,VENDOR-PAYMENT-CRUDE-OIL,VENDOR295123,1510148069.65,,2070029748864.2805
2025-03-13,NEFT-PETROCHEM-EXPORT,NEFT206558,,3681956117.98,2073711704982.2605
2025-03-13,TAX-OUTFLOW-ADVANCE,TAX995344,885183024.69,,2072826521957.5706
2025-03-13,NEFT-PETROCHEM-EXPORT,NEFT744149,,2789099197.16,2075615621154.7305
2025-03-13,PAYROLL-AND-OPERATIONS,PAYROLL393118,1853475108.49,,2073762146046.2405
2025-03-13,RTGS-JIO-TELECOM-REVENUE,RTGS543453,,1892115782.31,2075654261828.5505
2025-03-13,TAX-OUTFLOW-ADVANCE,TAX281763,1261241885.17,,2074393019943.3806
2025-03-13,RTGS-JIO-TELECOM-REVENUE,RTGS739362,,2572902381.83,2076965922325.2107
2025-03-13,TAX-OUTFLOW-ADVANCE,TAX338695,833278222.75,,2076132644102.4607
2025-03-13,PAYROLL-AND-OPERATIONS,PAYROLL455459,329945699.28,,2075802698403.1807
2025-03-13,NEFT-RETAIL-STORE-DEPOSIT,NEFT279979,,4167231234.36,2079969929637.5408
2025-03-13,PAYROLL-AND-OPERATIONS,PAYROLL293712,1128242012.04,,2078841687625.5007
2025-03-14,TAX-OUTFLOW-ADVANCE,TAX216335,1596520948.81,,2077245166676.6907
2025-03-14,NEFT-RETAIL-STORE-DEPOSIT,NEFT215781,,3121264270.22,2080366430946.9106
2025-03-14,PAYROLL-AND-OPERATIONS,PAYROLL120083,1823275377.07,,2078543155569.8406
2025-03-14,VENDOR-PAYMENT-CRUDE-OIL,VENDOR489983,982233878.04,,2077560921691.8005
2025-03-14,RTGS-JIO-TELECOM-REVENUE,RTGS197658,,4921561608.91,2082482483300.7104
2025-03-14,NEFT-RETAIL-STORE-DEPOSIT,NEFT174064,,726358043.94,2083208841344.6504
2025-03-14,NEFT-RETAIL-STORE-DEPOSIT,NEFT837850,,2269323330.39,2085478164675.0403
2025-03-14,NEFT-RETAIL-STORE-DEPOSIT,NEFT561808,,1161775331.73,2086639940006.7703
2025-03-15,VENDOR-PAYMENT-CRUDE-OIL,VENDOR751946,1464427621.3,,2085175512385.4702
2025-03-15,RTGS-JIO-TELECOM-REVENUE,RTGS508253,,4956320373.78,2090131832759.2502
2025-03-15,NEFT-RETAIL-STORE-DEPOSIT,NEFT520783,,3128917801.59,2093260750560.8403
2025-03-15,VENDOR-PAYMENT-CRUDE-OIL,VENDOR943122,726913266.65,,2092533837294.1904
2025-03-15,PAYROLL-AND-OPERATIONS,PAYROLL545027,418939757.45,,2092114897536.7405
2025-03-15,NEFT-PETROCHEM-EXPORT,NEFT177253,,2867786957.78,2094982684494.5205
2025-03-15,VENDOR-PAYMENT-CRUDE-OIL,VENDOR872022,829368970.83,,2094153315523.6904
2025-03-15,TAX-OUTFLOW-ADVANCE,TAX203907,642257896.68,,2093511057627.0105
2025-03-15,RTGS-JIO-TELECOM-REVENUE,RTGS627906,,875957950.68,2094387015577.6904
2025-03-16,NEFT-RETAIL-STORE-DEPOSIT,NEFT450146,,1328819750.65,2095715835328.3403
2025-03-16,PAYROLL-AND-OPERATIONS,PAYROLL792446,1093914019.15,,2094621921309.1904
2025-03-16,NEFT-PETROCHEM-EXPORT,NEFT409516,,1600418368.45,2096222339677.6404
2025-03-16,NEFT-RETAIL-STORE-DEPOSIT,NEFT336445,,2658243961.93,2098880583639.5703
2025-03-17,TAX-OUTFLOW-ADVANCE,TAX256221,621302728.24,,2098259280911.3303
2025-03-17,PAYROLL-AND-OPERATIONS,PAYROLL870672,1227766514.5,,2097031514396.8303
2025-03-17,NEFT-PETROCHEM-EXPORT,NEFT293553,,4069626131.59,2101101140528.4204
2025-03-17,PAYROLL-AND-OPERATIONS,PAYROLL464367,347072312.43,,2100754068215.9905
2025-03-17,VENDOR-PAYMENT-CRUDE-OIL,VENDOR356446,1673385096.76,,2099080683119.2305
2025-03-17,TAX-OUTFLOW-ADVANCE,TAX682368,1772383564.5,,2097308299554.7305
2025-03-17,PAYROLL-AND-OPERATIONS,PAYROLL910845,1663356122.85,,2095644943431.8804
2025-03-18,VENDOR-PAYMENT-CRUDE-OIL,VENDOR310371,1451650003.01,,2094193293428.8704
2025-03-18,NEFT-PETROCHEM-EXPORT,NEFT820297,,2949653725.0,2097142947153.8704
2025-03-18,PAYROLL-AND-OPERATIONS,PAYROLL172181,745183594.47,,2096397763559.4004
2025-03-18,PAYROLL-AND-OPERATIONS,PAYROLL923450,1194941962.03,,2095202821597.3704
2025-03-18,PAYROLL-AND-OPERATIONS,PAYROLL278597,1702690631.23,,2093500130966.1404
2025-03-18,RTGS-JIO-TELECOM-REVENUE,RTGS982667,,1769920053.77,2095270051019.9104
2025-03-19,NEFT-PETROCHEM-EXPORT,NEFT213513,,1729188067.47,2096999239087.3804
2025-03-19,VENDOR-PAYMENT-CRUDE-OIL,VENDOR204390,1916284257.16,,2095082954830.2205
2025-03-19,NEFT-PETROCHEM-EXPORT,NEFT573812,,2879727828.99,2097962682659.2104
2025-03-19,RTGS-JIO-TELECOM-REVENUE,RTGS460321,,1419453610.68,2099382136269.8904
2025-03-19,TAX-OUTFLOW-ADVANCE,TAX568067,1674486767.2,,2097707649502.6904
2025-03-19,NEFT-PETROCHEM-EXPORT,NEFT745996,,1553370611.58,2099261020114.2705
2025-03-19,PAYROLL-AND-OPERATIONS,PAYROLL744442,1301840067.79,,2097959180046.4805
2025-03-19,NEFT-PETROCHEM-EXPORT,NEFT433298,,3410751722.27,2101369931768.7505
2025-03-19,VENDOR-PAYMENT-CRUDE-OIL,VENDOR458264,1367389213.81,,2100002542554.9404
2025-03-19,VENDOR-PAYMENT-CRUDE-OIL,VENDOR804082,1615708376.53,,2098386834178.4104
2025-03-19,PAYROLL-AND-OPERATIONS,PAYROLL122219,874216203.21,,2097512617975.2004
2025-03-20,PAYROLL-AND-OPERATIONS,PAYROLL627594,1797346788.32,,2095715271186.8804
2025-03-20,TAX-OUTFLOW-ADVANCE,TAX693981,1086171835.9,,2094629099350.9805
2025-03-20,VENDOR-PAYMENT-CRUDE-OIL,VENDOR587746,546629173.51,,2094082470177.4705
2025-03-20,RTGS-JIO-TELECOM-REVENUE,RTGS100612,,3564718240.48,2097647188417.9504
2025-03-21,TAX-OUTFLOW-ADVANCE,TAX479375,641573794.74,,2097005614623.2104
2025-03-21,PAYROLL-AND-OPERATIONS,PAYROLL988481,1014642225.06,,2095990972398.1504
2025-03-21,PAYROLL-AND-OPERATIONS,PAYROLL124554,906444639.98,,2095084527758.1704
2025-03-21,RTGS-JIO-TELECOM-REVENUE,RTGS637056,,1585705841.85,2096670233600.0205
2025-03-21,NEFT-PETROCHEM-EXPORT,NEFT482865,,833975391.32,2097504208991.3406
2025-03-21,RTGS-JIO-TELECOM-REVENUE,RTGS381523,,4414673741.48,2101918882732.8206
2025-03-21,PAYROLL-AND-OPERATIONS,PAYROLL195785,1017411847.28,,2100901470885.5405
2025-03-21,RTGS-JIO-TELECOM-REVENUE,RTGS622984,,2283858033.43,2103185328918.9705
2025-03-22,RTGS-JIO-TELECOM-REVENUE,RTGS165662,,3327322491.24,2106512651410.2104
2025-03-22,NEFT-RETAIL-STORE-DEPOSIT,NEFT359522,,3839182641.89,2110351834052.1003
2025-03-22,VENDOR-PAYMENT-CRUDE-OIL,VENDOR100047,1749406001.37,,2108602428050.7302
2025-03-22,NEFT-RETAIL-STORE-DEPOSIT,NEFT299884,,1432923488.46,2110035351539.1902
2025-03-22,PAYROLL-AND-OPERATIONS,PAYROLL473166,1298043395.85,,2108737308143.34
2025-03-22,PAYROLL-AND-OPERATIONS,PAYROLL931639,1778206523.89,,2106959101619.4502
2025-03-22,NEFT-PETROCHEM-EXPORT,NEFT964024,,1632520529.87,2108591622149.3203
2025-03-22,TAX-OUTFLOW-ADVANCE,TAX194714,435607995.8,,2108156014153.5203
2025-03-23,NEFT-RETAIL-STORE-DEPOSIT,NEFT143210,,3888791361.36,2112044805514.8804
2025-03-23,NEFT-PETROCHEM-EXPORT,NEFT447588,,2501487094.05,2114546292608.9304
2025-03-23,RTGS-JIO-TELECOM-REVENUE,RTGS548509,,4379517793.51,2118925810402.4404
2025-03-23,RTGS-JIO-TELECOM-REVENUE,RTGS484432,,525163972.24,2119450974374.6804
2025-03-23,NEFT-RETAIL-STORE-DEPOSIT,NEFT625232,,3833000338.61,2123283974713.2905
2025-03-23,PAYROLL-AND-OPERATIONS,PAYROLL992328,426377388.67,,2122857597324.6206
2025-03-24,RTGS-JIO-TELECOM-REVENUE,RTGS148872,,1961660955.51,2124819258280.1306
2025-03-24,TAX-OUTFLOW-ADVANCE,TAX804032,1552072095.52,,2123267186184.6106
2025-03-24,RTGS-JIO-TELECOM-REVENUE,RTGS910672,,3677341988.5,2126944528173.1106
2025-03-24,NEFT-RETAIL-STORE-DEPOSIT,NEFT544886,,4579176502.52,2131523704675.6306
2025-03-25,NEFT-PETROCHEM-EXPORT,NEFT270958,,4283694782.91,2135807399458.5405
2025-03-25,VENDOR-PAYMENT-CRUDE-OIL,VENDOR250191,1953524587.25,,2133853874871.2905
2025-03-25,TAX-OUTFLOW-ADVANCE,TAX593560,454415536.34,,2133399459334.9504
2025-03-25,RTGS-JIO-TELECOM-REVENUE,RTGS994635,,4853488362.03,2138252947696.9805
2025-03-25,VENDOR-PAYMENT-CRUDE-OIL,VENDOR447424,1914006667.05,,2136338941029.9304
2025-03-25,VENDOR-PAYMENT-CRUDE-OIL,VENDOR270629,960995991.32,,2135377945038.6104
2025-03-25,NEFT-PETROCHEM-EXPORT,NEFT371515,,4337030654.32,2139714975692.9304
2025-03-26,VENDOR-PAYMENT-CRUDE-OIL,VENDOR652454,1644908234.92,,2138070067458.0105
2025-03-26,TAX-OUTFLOW-ADVANCE,TAX100195,1480127573.45,,2136589939884.5605
2025-03-26,VENDOR-PAYMENT-CRUDE-OIL,VENDOR345478,401152488.59,,2136188787395.9705
2025-03-27,NEFT-PETROCHEM-EXPORT,NEFT407322,,4621686745.93,2140810474141.9004
2025-03-27,RTGS-JIO-TELECOM-REVENUE,RTGS716497,,2386661257.05,2143197135398.9504
2025-03-27,TAX-OUTFLOW-ADVANCE,TAX696495,1544398668.34,,2141652736730.6104
2025-03-27,VENDOR-PAYMENT-CRUDE-OIL,VENDOR214133,696059127.17,,2140956677603.4404
2025-03-27,VENDOR-PAYMENT-CRUDE-OIL,VENDOR520997,1783920612.57,,2139172756990.8704
2025-03-28,VENDOR-PAYMENT-CRUDE-OIL,VENDOR186417,1873422987.07,,2137299334003.8003
2025-03-28,RTGS-JIO-TELECOM-REVENUE,RTGS758409,,2374427064.79,2139673761068.5903
2025-03-28,RTGS-JIO-TELECOM-REVENUE,RTGS677515,,4265668198.18,2143939429266.7703
2025-03-28,NEFT-RETAIL-STORE-DEPOSIT,NEFT578497,,2575952574.66,2146515381841.4302
2025-03-28,TAX-OUTFLOW-ADVANCE,TAX909039,1112750679.97,,2145402631161.4602
2025-03-28,TAX-OUTFLOW-ADVANCE,TAX304473,1511797883.12,,2143890833278.34
2025-03-28,PAYROLL-AND-OPERATIONS,PAYROLL687031,1803831203.33,,2142087002075.01
2025-03-28,VENDOR-PAYMENT-CRUDE-OIL,VENDOR162111,1752391908.56,,2140334610166.45
2025-03-29,RTGS-JIO-TELECOM-REVENUE,RTGS160521,,524839360.33,2140859449526.78
2025-03-29,PAYROLL-AND-OPERATIONS,PAYROLL370786,1342765173.79,,2139516684352.99
2025-03-29,NEFT-RETAIL-STORE-DEPOSIT,NEFT595010,,3419712933.47,2142936397286.46
2025-03-30,VENDOR-PAYMENT-CRUDE-OIL,VENDOR572245,1699638529.8,,2141236758756.66
2025-03-30,TAX-OUTFLOW-ADVANCE,TAX604927,800236053.0,,2140436522703.66
2025-03-30,NEFT-RETAIL-STORE-DEPOSIT,NEFT646219,,1209209299.22,2141645732002.88
2025-03-30,PAYROLL-AND-OPERATIONS,PAYROLL998652,960337079.06,,2140685394923.8198
2025-03-30,PAYROLL-AND-OPERATIONS,PAYROLL887297,1565332107.04,,2139120062816.7798
2025-03-30,PAYROLL-AND-OPERATIONS,PAYROLL830429,816235548.1,,2138303827268.6797
2025-03-30,NEFT-RETAIL-STORE-DEPOSIT,NEFT240347,,3210289932.16,2141514117200.8396
2025-03-30,NEFT-RETAIL-STORE-DEPOSIT,NEFT558157,,790853572.49,2142304970773.3296
2025-03-31,NEFT-PETROCHEM-EXPORT,NEFT390293,,3825533100.14,2146130503873.4695
2025-03-31,VENDOR-PAYMENT-CRUDE-OIL,VENDOR611415,630702718.54,,2145499801154.9294
2025-03-31,TAX-OUTFLOW-ADVANCE,TAX674012,1520626207.86,,2143979174947.0693
2025-03-31,PAYROLL-AND-OPERATIONS,PAYROLL359480,554821266.12,,2143424353680.9492
2025-03-31,VENDOR-PAYMENT-CRUDE-OIL,VENDOR125575,573123358.05,,2142851230322.8992
