Date,Narration,Withdrawal,Deposit,Balance
2024-04-01,NEFT/RTGS Client Payment - IT Services,,2164287257.33,52164287257.33
2024-04-01,RTGS/NEFT Vendor Payment / Payroll / Cloud Hosting,1596006319.8,,50568280937.53
2024-04-02,NEFT/RTGS Client Payment - IT Services,,1968581197.89,52536862135.43
2024-04-02,RTGS/NEFT Vendor Payment / Payroll / Cloud Hosting,1567273516.38,,50969588619.05
2024-04-03,NEFT/RTGS Client Payment - IT Services,,2354101465.68,53323690084.74
2024-04-03,RTGS/NEFT Vendor Payment / Payroll / Cloud Hosting,1508194275.9,,51815495808.84
2024-04-04,NEFT/RTGS Client Payment - IT Services,,1817538897.53,53633034706.37
2024-04-04,RTGS/NEFT Vendor Payment / Payroll / Cloud Hosting,1606968404.47,,52026066301.9
2024-04-05,NEFT/RTGS Client Payment - IT Services,,1811879119.33,53837945421.23
2024-04-05,RTGS/NEFT Vendor Payment / Payroll / Cloud Hosting,1537858395.34,,52300087025.9
2024-04-08,NEFT/RTGS Client Payment - IT Services,,2297022548.63,54597109574.53
2024-04-08,RTGS/NEFT Vendor Payment / Payroll / Cloud Hosting,1487726708.23,,53109382866.3
2024-04-09,NEFT/RTGS Client Payment - IT Services,,2056890978.4,55166273844.7
2024-04-09,RTGS/NEFT Vendor Payment / Payroll / Cloud Hosting,1887921755.66,,53278352089.04
2024-04-10,NEFT/RTGS Client Payment - IT Services,,2078257336.53,55356609425.57
2024-04-10,RTGS/NEFT Vendor Payment / Payroll / Cloud Hosting,1921276754.2,,53435332671.37
2024-04-11,NEFT/RTGS Client Payment - IT Services,,1960334610.76,55395667282.13
2024-04-11,RTGS/NEFT Vendor Payment / Payroll / Cloud Hosting,1963769791.38,,53431897490.76
2024-04-12,NEFT/RTGS Client Payment - IT Services,,2113923723.03,55545821213.79
2024-04-12,RTGS/NEFT Vendor Payment / Payroll / Cloud Hosting,1820450625.82,,53725370587.96
2024-04-15,NEFT/RTGS Client Payment - IT Services,,1807069299.56,55532439887.52
2024-04-15,RTGS/NEFT Vendor Payment / Payroll / Cloud Hosting,1798221643.6,,53734218243.92
2024-04-16,NEFT/RTGS Client Payment - IT Services,,1622816637.13,55357034881.05
2024-04-16,RTGS/NEFT Vendor Payment / Payroll / Cloud Hosting,1354778262.3,,54002256618.75
2024-04-17,NEFT/RTGS Client Payment - IT Services,,1924976142.08,55927232760.84
2024-04-17,RTGS/NEFT Vendor Payment / Payroll / Cloud Hosting,1408583075.31,,54518649685.53
2024-04-18,NEFT/RTGS Client Payment - IT Services,,1855959165.81,56374608851.33
2024-04-18,RTGS/NEFT Vendor Payment / Payroll / Cloud Hosting,1301561077.29,,55073047774.04
2024-04-19,NEFT/RTGS Client Payment - IT Services,,1696611703.05,56769659477.09
2024-04-19,RTGS/NEFT Vendor Payment / Payroll / Cloud Hosting,1822190786.66,,54947468690.44
2024-04-22,NEFT/RTGS Client Payment - IT Services,,1852865564.31,56800334254.75
2024-04-22,RTGS/NEFT Vendor Payment / Payroll / Cloud Hosting,1973675211.59,,54826659043.16
2024-04-23,NEFT/RTGS Client Payment - IT Services,,1862804235.15,56689463278.31
2024-04-23,RTGS/NEFT Vendor Payment / Payroll / Cloud Hosting,1961690742.12,,54727772536.2
2024-04-24,NEFT/RTGS Client Payment - IT Services,,1968069628.65,56695842164.85
2024-04-24,RTGS/NEFT Vendor Payment / Payroll / Cloud Hosting,1368881804.39,,55326960360.46
2024-04-25,NEFT/RTGS Client Payment - IT Services,,2407158324.05,57734118684.5
2024-04-25,RTGS/NEFT Vendor Payment / Payroll / Cloud Hosting,1863065391.42,,55871053293.08
2024-04-26,NEFT/RTGS Client Payment - IT Services,,1789607960.7,57660661253.78
2024-04-26,RTGS/NEFT Vendor Payment / Payroll / Cloud Hosting,1322695977.69,,56337965276.09
2024-04-29,NEFT/RTGS Client Payment - IT Services,,1692432547.12,58030397823.2
2024-04-29,RTGS/NEFT Vendor Payment / Payroll / Cloud Hosting,1475504864.69,,56554892958.51
2024-04-30,NEFT/RTGS Client Payment - IT Services,,2302300041.81,58857193000.32
2024-04-30,RTGS/NEFT Vendor Payment / Payroll / Cloud Hosting,1785180901.27,,57072012099.05
2024-05-01,NEFT/RTGS Client Payment - IT Services,,2342552384.32,59414564483.37
2024-05-01,RTGS/NEFT Vendor Payment / Payroll / Cloud Hosting,1825888208.83,,57588676274.53
2024-05-02,NEFT/RTGS Client Payment - IT Services,,2072624282.87,59661300557.41
2024-05-02,RTGS/NEFT Vendor Payment / Payroll / Cloud Hosting,1779553161.74,,57881747395.67
2024-05-03,NEFT/RTGS Client Payment - IT Services,,2152364566.19,60034111961.86
2024-05-03,RTGS/NEFT Vendor Payment / Payroll / Cloud Hosting,1861720234.32,,58172391727.55
2024-05-06,NEFT/RTGS Client Payment - IT Services,,1682762132.38,59855153859.93
2024-05-06,RTGS/NEFT Vendor Payment / Payroll / Cloud Hosting,1535485113.94,,58319668745.98
2024-05-07,NEFT/RTGS Client Payment - IT Services,,2337206637.15,60656875383.13
2024-05-07,RTGS/NEFT Vendor Payment / Payroll / Cloud Hosting,1968611105.55,,58688264277.59
2024-05-08,NEFT/RTGS Client Payment - IT Services,,1902880011.97,60591144289.55
2024-05-08,RTGS/NEFT Vendor Payment / Payroll / Cloud Hosting,1406302116.95,,59184842172.6
2024-05-09,NEFT/RTGS Client Payment - IT Services,,2400533831.47,61585376004.07
2024-05-09,RTGS/NEFT Vendor Payment / Payroll / Cloud Hosting,1744566672.82,,59840809331.25
2024-05-10,NEFT/RTGS Client Payment - IT Services,,1829705462.33,61670514793.58
2024-05-10,RTGS/NEFT Vendor Payment / Payroll / Cloud Hosting,1553937722.32,,60116577071.26
2024-05-13,NEFT/RTGS Client Payment - IT Services,,2367020969.3,62483598040.56
2024-05-13,RTGS/NEFT Vendor Payment / Payroll / Cloud Hosting,1980807353.99,,60502790686.57
2024-05-14,NEFT/RTGS Client Payment - IT Services,,1860223739.14,62363014425.7
2024-05-14,RTGS/NEFT Vendor Payment / Payroll / Cloud Hosting,1963073784.78,,60399940640.93
2024-05-15,NEFT/RTGS Client Payment - IT Services,,2069274151.76,62469214792.69
2024-05-15,RTGS/NEFT Vendor Payment / Payroll / Cloud Hosting,1372785796.81,,61096428995.88
2024-05-16,NEFT/RTGS Client Payment - IT Services,,2275253440.74,63371682436.62
2024-05-16,RTGS/NEFT Vendor Payment / Payroll / Cloud Hosting,1415094374.81,,61956588061.8
2024-05-17,NEFT/RTGS Client Payment - IT Services,,1670547799.08,63627135860.88
2024-05-17,RTGS/NEFT Vendor Payment / Payroll / Cloud Hosting,1822618038.28,,61804517822.6
2024-05-20,NEFT/RTGS Client Payment - IT Services,,2035798192.36,63840316014.96
2024-05-20,RTGS/NEFT Vendor Payment / Payroll / Cloud Hosting,1739056375.33,,62101259639.63
2024-05-21,NEFT/RTGS Client Payment - IT Services,,1777388193.82,63878647833.45
2024-05-21,RTGS/NEFT Vendor Payment / Payroll / Cloud Hosting,1606297652.64,,62272350180.82
2024-05-22,NEFT/RTGS Client Payment - IT Services,,2171430387.52,64443780568.34
2024-05-22,RTGS/NEFT Vendor Payment / Payroll / Cloud Hosting,1593596648.86,,62850183919.48
2024-05-23,NEFT/RTGS Client Payment - IT Services,,1753684996.38,64603868915.87
2024-05-23,RTGS/NEFT Vendor Payment / Payroll / Cloud Hosting,1966345341.66,,62637523574.2
2024-05-24,NEFT/RTGS Client Payment - IT Services,,2059403755.43,64696927329.64
2024-05-24,RTGS/NEFT Vendor Payment / Payroll / Cloud Hosting,1950917648.53,,62746009681.1
2024-05-27,NEFT/RTGS Client Payment - IT Services,,2279174068.41,65025183749.51
2024-05-27,RTGS/NEFT Vendor Payment / Payroll / Cloud Hosting,1861144980.17,,63164038769.34
2024-05-28,NEFT/RTGS Client Payment - IT Services,,2267021771.3,65431060540.65
2024-05-28,RTGS/NEFT Vendor Payment / Payroll / Cloud Hosting,1903296528.63,,63527764012.02
2024-05-29,NEFT/RTGS Client Payment - IT Services,,2394840328.51,65922604340.53
2024-05-29,RTGS/NEFT Vendor Payment / Payroll / Cloud Hosting,1841890766.45,,64080713574.08
2024-05-30,NEFT/RTGS Client Payment - IT Services,,1765343640.16,65846057214.24
2024-05-30,RTGS/NEFT Vendor Payment / Payroll / Cloud Hosting,1625576686.92,,64220480527.32
2024-05-31,NEFT/RTGS Client Payment - IT Services,,1817214584.03,66037695111.35
2024-05-31,RTGS/NEFT Vendor Payment / Payroll / Cloud Hosting,1707780748.99,,64329914362.35
2024-06-03,NEFT/RTGS Client Payment - IT Services,,2151885289.89,66481799652.24
2024-06-03,RTGS/NEFT Vendor Payment / Payroll / Cloud Hosting,1510141551.97,,64971658100.27
2024-06-04,NEFT/RTGS Client Payment - IT Services,,1619361055.11,66591019155.38
2024-06-04,RTGS/NEFT Vendor Payment / Payroll / Cloud Hosting,1814720945.22,,64776298210.16
2024-06-05,NEFT/RTGS Client Payment - IT Services,,2191969577.48,66968267787.65
2024-06-05,RTGS/NEFT Vendor Payment / Payroll / Cloud Hosting,1791830378.44,,65176437409.21
2024-06-06,NEFT/RTGS Client Payment - IT Services,,1833101951.5,67009539360.71
2024-06-06,RTGS/NEFT Vendor Payment / Payroll / Cloud Hosting,1997110575.38,,65012428785.33
2024-06-07,NEFT/RTGS Client Payment - IT Services,,2287788173.24,67300216958.57
2024-06-07,RTGS/NEFT Vendor Payment / Payroll / Cloud Hosting,1427553214.98,,65872663743.59
2024-06-10,NEFT/RTGS Client Payment - IT Services,,1642173098.57,67514836842.15
2024-06-10,RTGS/NEFT Vendor Payment / Payroll / Cloud Hosting,1363874198.95,,66150962643.21
2024-06-11,NEFT/RTGS Client Payment - IT Services,,2076611961.09,68227574604.29
2024-06-11,RTGS/NEFT Vendor Payment / Payroll / Cloud Hosting,1487148326.57,,66740426277.73
2024-06-12,NEFT/RTGS Client Payment - IT Services,,2056552113.91,68796978391.63
2024-06-12,RTGS/NEFT Vendor Payment / Payroll / Cloud Hosting,1696095456.79,,67100882934.84
2024-06-13,NEFT/RTGS Client Payment - IT Services,,1897589123.81,68998472058.65
2024-06-13,RTGS/NEFT Vendor Payment / Payroll / Cloud Hosting,1497664700.47,,67500807358.18
2024-06-14,NEFT/RTGS Client Payment - IT Services,,1822619292.2,69323426650.39
2024-06-14,RTGS/NEFT Vendor Payment / Payroll / Cloud Hosting,1496326335.64,,67827100314.74
2024-06-17,NEFT/RTGS Client Payment - IT Services,,1616708260.59,69443808575.34
2024-06-17,RTGS/NEFT Vendor Payment / Payroll / Cloud Hosting,1799090562.52,,67644718012.82
2024-06-18,NEFT/RTGS Client Payment - IT Services,,2404423673.0,70049141685.82
2024-06-18,RTGS/NEFT Vendor Payment / Payroll / Cloud Hosting,1660276917.08,,68388864768.74
2024-06-19,NEFT/RTGS Client Payment - IT Services,,1943213828.83,70332078597.57
2024-06-19,RTGS/NEFT Vendor Payment / Payroll / Cloud Hosting,1845910929.69,,68486167667.88
2024-06-20,NEFT/RTGS Client Payment - IT Services,,2360776179.72,70846943847.6
2024-06-20,RTGS/NEFT Vendor Payment / Payroll / Cloud Hosting,1620421934.85,,69226521912.75
2024-06-21,NEFT/RTGS Client Payment - IT Services,,1830456718.88,71056978631.63
2024-06-21,RTGS/NEFT Vendor Payment / Payroll / Cloud Hosting,1768848147.56,,69288130484.07
2024-06-24,NEFT/RTGS Client Payment - IT Services,,1754222418.11,71042352902.18
2024-06-24,RTGS/NEFT Vendor Payment / Payroll / Cloud Hosting,1385832851.24,,69656520050.94
2024-06-25,NEFT/RTGS Client Payment - IT Services,,2307525738.09,71964045789.04
2024-06-25,RTGS/NEFT Vendor Payment / Payroll / Cloud Hosting,1386756617.87,,70577289171.17
2024-06-26,NEFT/RTGS Client Payment - IT Services,,2250714771.24,72828003942.41
2024-06-26,RTGS/NEFT Vendor Payment / Payroll / Cloud Hosting,1566558545.64,,71261445396.77
2024-06-27,NEFT/RTGS Client Payment - IT Services,,2117859824.53,73379305221.3
2024-06-27,RTGS/NEFT Vendor Payment / Payroll / Cloud Hosting,1794275304.81,,71585029916.49
2024-06-28,NEFT/RTGS Client Payment - IT Services,,1853420087.93,73438450004.42
2024-06-28,RTGS/NEFT Vendor Payment / Payroll / Cloud Hosting,1700193271.69,,71738256732.72
2024-07-01,NEFT/RTGS Client Payment - IT Services,,2195307247.0,73933563979.73
2024-07-01,RTGS/NEFT Vendor Payment / Payroll / Cloud Hosting,1954424989.2,,71979138990.53
2024-07-02,NEFT/RTGS Client Payment - IT Services,,1673447777.33,73652586767.86
2024-07-02,RTGS/NEFT Vendor Payment / Payroll / Cloud Hosting,1488808183.5,,72163778584.36
2024-07-03,NEFT/RTGS Client Payment - IT Services,,2339899706.92,74503678291.27
2024-07-03,RTGS/NEFT Vendor Payment / Payroll / Cloud Hosting,1450952706.48,,73052725584.79
2024-07-04,NEFT/RTGS Client Payment - IT Services,,2229219073.17,75281944657.96
2024-07-04,RTGS/NEFT Vendor Payment / Payroll / Cloud Hosting,1588586742.25,,73693357915.71
2024-07-05,NEFT/RTGS Client Payment - IT Services,,2130468521.44,75823826437.15
2024-07-05,RTGS/NEFT Vendor Payment / Payroll / Cloud Hosting,2008940743.16,,73814885693.99
2024-07-08,NEFT/RTGS Client Payment - IT Services,,2065776827.51,75880662521.5
2024-07-08,RTGS/NEFT Vendor Payment / Payroll / Cloud Hosting,1299978691.82,,74580683829.68
2024-07-09,NEFT/RTGS Client Payment - IT Services,,1712962952.88,76293646782.56
2024-07-09,RTGS/NEFT Vendor Payment / Payroll / Cloud Hosting,1324002424.66,,74969644357.9
2024-07-10,NEFT/RTGS Client Payment - IT Services,,2083658266.44,77053302624.34
2024-07-10,RTGS/NEFT Vendor Payment / Payroll / Cloud Hosting,1293058720.9,,75760243903.44
2024-07-11,NEFT/RTGS Client Payment - IT Services,,1820811407.04,77581055310.48
2024-07-11,RTGS/NEFT Vendor Payment / Payroll / Cloud Hosting,1763895325.13,,75817159985.35
2024-07-12,NEFT/RTGS Client Payment - IT Services,,2252117318.04,78069277303.39
2024-07-12,RTGS/NEFT Vendor Payment / Payroll / Cloud Hosting,1923587692.18,,76145689611.21
2024-07-15,NEFT/RTGS Client Payment - IT Services,,1929661442.23,78075351053.44
2024-07-15,RTGS/NEFT Vendor Payment / Payroll / Cloud Hosting,1677514589.98,,76397836463.46
2024-07-16,NEFT/RTGS Client Payment - IT Services,,2150119537.32,78547956000.79
2024-07-16,RTGS/NEFT Vendor Payment / Payroll / Cloud Hosting,1586045821.04,,76961910179.74
2024-07-17,NEFT/RTGS Client Payment - IT Services,,2362886250.4,79324796430.14
2024-07-17,RTGS/NEFT Vendor Payment / Payroll / Cloud Hosting,1440676998.34,,77884119431.8
2024-07-18,NEFT/RTGS Client Payment - IT Services,,1809836250.72,79693955682.52
2024-07-18,RTGS/NEFT Vendor Payment / Payroll / Cloud Hosting,1991431431.87,,77702524250.66
2024-07-19,NEFT/RTGS Client Payment - IT Services,,2044425371.24,79746949621.9
2024-07-19,RTGS/NEFT Vendor Payment / Payroll / Cloud Hosting,1361473809.88,,78385475812.02
2024-07-22,NEFT/RTGS Client Payment - IT Services,,1934609455.18,80320085267.2
2024-07-22,RTGS/NEFT Vendor Payment / Payroll / Cloud Hosting,1771826558.12,,78548258709.09
2024-07-23,NEFT/RTGS Client Payment - IT Services,,2124537202.17,80672795911.25
2024-07-23,RTGS/NEFT Vendor Payment / Payroll / Cloud Hosting,1716553904.9,,78956242006.35
2024-07-24,NEFT/RTGS Client Payment - IT Services,,1871157533.42,80827399539.78
2024-07-24,RTGS/NEFT Vendor Payment / Payroll / Cloud Hosting,1760349393.36,,79067050146.42
2024-07-25,NEFT/RTGS Client Payment - IT Services,,2272359738.4,81339409884.81
2024-07-25,RTGS/NEFT Vendor Payment / Payroll / Cloud Hosting,1708148719.91,,79631261164.9
2024-07-26,NEFT/RTGS Client Payment - IT Services,,1845123457.01,81476384621.91
2024-07-26,RTGS/NEFT Vendor Payment / Payroll / Cloud Hosting,1934015448.55,,79542369173.36
2024-07-29,NEFT/RTGS Client Payment - IT Services,,1973352353.52,81515721526.88
2024-07-29,RTGS/NEFT Vendor Payment / Payroll / Cloud Hosting,1607338293.06,,79908383233.81
2024-07-30,NEFT/RTGS Client Payment - IT Services,,1680993996.79,81589377230.6
2024-07-30,RTGS/NEFT Vendor Payment / Payroll / Cloud Hosting,1287816721.86,,80301560508.74
2024-07-31,NEFT/RTGS Client Payment - IT Services,,1725303291.37,82026863800.11
2024-07-31,RTGS/NEFT Vendor Payment / Payroll / Cloud Hosting,1814831858.35,,80212031941.75
2024-08-01,NEFT/RTGS Client Payment - IT Services,,2320291305.4,82532323247.16
2024-08-01,RTGS/NEFT Vendor Payment / Payroll / Cloud Hosting,1540739024.8,,80991584222.35
2024-08-02,NEFT/RTGS Client Payment - IT Services,,2084124987.22,83075709209.57
2024-08-02,RTGS/NEFT Vendor Payment / Payroll / Cloud Hosting,1571729560.25,,81503979649.32
2024-08-05,NEFT/RTGS Client Payment - IT Services,,1885973477.77,83389953127.1
2024-08-05,RTGS/NEFT Vendor Payment / Payroll / Cloud Hosting,1726592488.29,,81663360638.81
2024-08-06,NEFT/RTGS Client Payment - IT Services,,1664147563.4,83327508202.2
2024-08-06,RTGS/NEFT Vendor Payment / Payroll / Cloud Hosting,1420049070.25,,81907459131.96
2024-08-07,NEFT/RTGS Client Payment - IT Services,,1687167119.2,83594626251.16
2024-08-07,RTGS/NEFT Vendor Payment / Payroll / Cloud Hosting,1498575382.21,,82096050868.95
2024-08-08,NEFT/RTGS Client Payment - IT Services,,2252151475.13,84348202344.08
2024-08-08,RTGS/NEFT Vendor Payment / Payroll / Cloud Hosting,1532146087.89,,82816056256.2
2024-08-09,NEFT/RTGS Client Payment - IT Services,,1643933578.52,84459989834.72
2024-08-09,RTGS/NEFT Vendor Payment / Payroll / Cloud Hosting,1957349708.62,,82502640126.09
2024-08-12,NEFT/RTGS Client Payment - IT Services,,1731322536.66,84233962662.75
2024-08-12,RTGS/NEFT Vendor Payment / Payroll / Cloud Hosting,1572750821.79,,82661211840.96
2024-08-13,NEFT/RTGS Client Payment - IT Services,,1652123952.46,84313335793.42
2024-08-13,RTGS/NEFT Vendor Payment / Payroll / Cloud Hosting,1966817766.64,,82346518026.78
2024-08-14,NEFT/RTGS Client Payment - IT Services,,2167291582.22,84513809609.0
2024-08-14,RTGS/NEFT Vendor Payment / Payroll / Cloud Hosting,2012514832.86,,82501294776.14
2024-08-15,NEFT/RTGS Client Payment - IT Services,,2256192185.82,84757486961.96
2024-08-15,RTGS/NEFT Vendor Payment / Payroll / Cloud Hosting,1373702745.93,,83383784216.03
2024-08-16,NEFT/RTGS Client Payment - IT Services,,1998999722.45,85382783938.48
2024-08-16,RTGS/NEFT Vendor Payment / Payroll / Cloud Hosting,1753962335.42,,83628821603.06
2024-08-19,NEFT/RTGS Client Payment - IT Services,,2294228951.21,85923050554.27
2024-08-19,RTGS/NEFT Vendor Payment / Payroll / Cloud Hosting,1761523331.49,,84161527222.78
2024-08-20,NEFT/RTGS Client Payment - IT Services,,2053388637.26,86214915860.04
2024-08-20,RTGS/NEFT Vendor Payment / Payroll / Cloud Hosting,1675215146.78,,84539700713.26
2024-08-21,NEFT/RTGS Client Payment - IT Services,,1683764532.82,86223465246.09
2024-08-21,RTGS/NEFT Vendor Payment / Payroll / Cloud Hosting,1814513428.96,,84408951817.13
2024-08-22,NEFT/RTGS Client Payment - IT Services,,2156124582.43,86565076399.56
2024-08-22,RTGS/NEFT Vendor Payment / Payroll / Cloud Hosting,1769813208.77,,84795263190.79
2024-08-23,NEFT/RTGS Client Payment - IT Services,,2283289437.41,87078552628.2
2024-08-23,RTGS/NEFT Vendor Payment / Payroll / Cloud Hosting,1842024136.99,,85236528491.21
2024-08-26,NEFT/RTGS Client Payment - IT Services,,2362324287.51,87598852778.72
2024-08-26,RTGS/NEFT Vendor Payment / Payroll / Cloud Hosting,1338507393.07,,86260345385.65
2024-08-27,NEFT/RTGS Client Payment - IT Services,,1714576286.83,87974921672.48
2024-08-27,RTGS/NEFT Vendor Payment / Payroll / Cloud Hosting,1511766240.44,,86463155432.05
2024-08-28,NEFT/RTGS Client Payment - IT Services,,2061532091.84,88524687523.89
2024-08-28,RTGS/NEFT Vendor Payment / Payroll / Cloud Hosting,1907827988.82,,86616859535.07
2024-08-29,NEFT/RTGS Client Payment - IT Services,,2053115545.51,88669975080.58
2024-08-29,RTGS/NEFT Vendor Payment / Payroll / Cloud Hosting,1750447883.05,,86919527197.53
2024-08-30,NEFT/RTGS Client Payment - IT Services,,2396821497.03,89316348694.56
2024-08-30,RTGS/NEFT Vendor Payment / Payroll / Cloud Hosting,1988442260.93,,87327906433.63
2024-09-02,NEFT/RTGS Client Payment - IT Services,,2280913985.9,89608820419.53
2024-09-02,RTGS/NEFT Vendor Payment / Payroll / Cloud Hosting,1330998524.76,,88277821894.77
2024-09-03,NEFT/RTGS Client Payment - IT Services,,2370225220.22,90648047115.0
2024-09-03,RTGS/NEFT Vendor Payment / Payroll / Cloud Hosting,1362298144.58,,89285748970.42
2024-09-04,NEFT/RTGS Client Payment - IT Services,,2307581483.34,91593330453.76
2024-09-04,RTGS/NEFT Vendor Payment / Payroll / Cloud Hosting,1347535401.43,,90245795052.33
2024-09-05,NEFT/RTGS Client Payment - IT Services,,1970513584.17,92216308636.5
2024-09-05,RTGS/NEFT Vendor Payment / Payroll / Cloud Hosting,1680267046.61,,90536041589.89
2024-09-06,NEFT/RTGS Client Payment - IT Services,,2226822223.81,92762863813.7
2024-09-06,RTGS/NEFT Vendor Payment / Payroll / Cloud Hosting,1447731038.61,,91315132775.09
2024-09-09,NEFT/RTGS Client Payment - IT Services,,2304957999.33,93620090774.42
2024-09-09,RTGS/NEFT Vendor Payment / Payroll / Cloud Hosting,1377725351.37,,92242365423.05
2024-09-10,NEFT/RTGS Client Payment - IT Services,,2336224090.51,94578589513.56
2024-09-10,RTGS/NEFT Vendor Payment / Payroll / Cloud Hosting,1411975843.5,,93166613670.06
2024-09-11,NEFT/RTGS Client Payment - IT Services,,2054567989.13,95221181659.19
2024-09-11,RTGS/NEFT Vendor Payment / Payroll / Cloud Hosting,1629189185.45,,93591992473.74
2024-09-12,NEFT/RTGS Client Payment - IT Services,,1869885221.11,95461877694.85
2024-09-12,RTGS/NEFT Vendor Payment / Payroll / Cloud Hosting,1355194337.29,,94106683357.56
2024-09-13,NEFT/RTGS Client Payment - IT Services,,2046306260.23,96152989617.79
2024-09-13,RTGS/NEFT Vendor Payment / Payroll / Cloud Hosting,1942969818.17,,94210019799.62
2024-09-16,NEFT/RTGS Client Payment - IT Services,,2395082046.39,96605101846.01
2024-09-16,RTGS/NEFT Vendor Payment / Payroll / Cloud Hosting,1457899004.87,,95147202841.15
2024-09-17,NEFT/RTGS Client Payment - IT Services,,1752617028.94,96899819870.08
2024-09-17,RTGS/NEFT Vendor Payment / Payroll / Cloud Hosting,1829557224.45,,95070262645.63
2024-09-18,NEFT/RTGS Client Payment - IT Services,,1851269248.92,96921531894.55
2024-09-18,RTGS/NEFT Vendor Payment / Payroll / Cloud Hosting,1348499436.84,,95573032457.71
2024-09-19,NEFT/RTGS Client Payment - IT Services,,1915157302.28,97488189759.99
2024-09-19,RTGS/NEFT Vendor Payment / Payroll / Cloud Hosting,1400767629.36,,96087422130.63
2024-09-20,NEFT/RTGS Client Payment - IT Services,,2165879855.92,98253301986.55
2024-09-20,RTGS/NEFT Vendor Payment / Payroll / Cloud Hosting,1807527502.44,,96445774484.11
2024-09-23,NEFT/RTGS Client Payment - IT Services,,1639475726.27,98085250210.38
2024-09-23,RTGS/NEFT Vendor Payment / Payroll / Cloud Hosting,1519423073.41,,96565827136.97
2024-09-24,NEFT/RTGS Client Payment - IT Services,,2278281325.11,98844108462.08
2024-09-24,RTGS/NEFT Vendor Payment / Payroll / Cloud Hosting,1519177801.84,,97324930660.24
2024-09-25,NEFT/RTGS Client Payment - IT Services,,2194255422.53,99519186082.77
2024-09-25,RTGS/NEFT Vendor Payment / Payroll / Cloud Hosting,1789576387.22,,97729609695.55
2024-09-26,NEFT/RTGS Client Payment - IT Services,,1860684987.22,99590294682.77
2024-09-26,RTGS/NEFT Vendor Payment / Payroll / Cloud Hosting,1503076882.96,,98087217799.82
2024-09-27,NEFT/RTGS Client Payment - IT Services,,2244869169.33,100332086969.14
2024-09-27,RTGS/NEFT Vendor Payment / Payroll / Cloud Hosting,1822053811.89,,98510033157.25
2024-09-30,NEFT/RTGS Client Payment - IT Services,,1731529910.91,100241563068.17
2024-09-30,RTGS/NEFT Vendor Payment / Payroll / Cloud Hosting,1565313428.18,,98676249639.98
2024-10-01,NEFT/RTGS Client Payment - IT Services,,2328527552.69,101004777192.67
2024-10-01,RTGS/NEFT Vendor Payment / Payroll / Cloud Hosting,1340188677.6,,99664588515.07
2024-10-02,NEFT/RTGS Client Payment - IT Services,,1756281945.76,101420870460.83
2024-10-02,RTGS/NEFT Vendor Payment / Payroll / Cloud Hosting,1672428031.77,,99748442429.07
2024-10-03,NEFT/RTGS Client Payment - IT Services,,2058258772.02,101806701201.09
2024-10-03,RTGS/NEFT Vendor Payment / Payroll / Cloud Hosting,1695294329.33,,100111406871.76
2024-10-04,NEFT/RTGS Client Payment - IT Services,,1745149075.73,101856555947.49
2024-10-04,RTGS/NEFT Vendor Payment / Payroll / Cloud Hosting,1297871924.75,,100558684022.74
2024-10-07,NEFT/RTGS Client Payment - IT Services,,2146773055.68,102705457078.42
2024-10-07,RTGS/NEFT Vendor Payment / Payroll / Cloud Hosting,1854383499.57,,100851073578.85
2024-10-08,NEFT/RTGS Client Payment - IT Services,,1958623266.7,102809696845.55
2024-10-08,RTGS/NEFT Vendor Payment / Payroll / Cloud Hosting,1839600173.29,,100970096672.26
2024-10-09,NEFT/RTGS Client Payment - IT Services,,2075635514.69,103045732186.94
2024-10-09,RTGS/NEFT Vendor Payment / Payroll / Cloud Hosting,1997605840.66,,101048126346.29
2024-10-10,NEFT/RTGS Client Payment - IT Services,,1995234847.09,103043361193.37
2024-10-10,RTGS/NEFT Vendor Payment / Payroll / Cloud Hosting,2016349641.62,,101027011551.75
2024-10-11,NEFT/RTGS Client Payment - IT Services,,1853286860.36,102880298412.12
2024-10-11,RTGS/NEFT Vendor Payment / Payroll / Cloud Hosting,1703833336.81,,101176465075.31
2024-10-14,NEFT/RTGS Client Payment - IT Services,,2143487475.03,103319952550.34
2024-10-14,RTGS/NEFT Vendor Payment / Payroll / Cloud Hosting,1746535405.15,,101573417145.18
2024-10-15,NEFT/RTGS Client Payment - IT Services,,2103527358.77,103676944503.95
2024-10-15,RTGS/NEFT Vendor Payment / Payroll / Cloud Hosting,1742388140.86,,101934556363.1
2024-10-16,NEFT/RTGS Client Payment - IT Services,,2203008710.92,104137565074.01
2024-10-16,RTGS/NEFT Vendor Payment / Payroll / Cloud Hosting,1845876994.38,,102291688079.63
2024-10-17,NEFT/RTGS Client Payment - IT Services,,2156353684.59,104448041764.22
2024-10-17,RTGS/NEFT Vendor Payment / Payroll / Cloud Hosting,1801360525.86,,102646681238.36
2024-10-18,NEFT/RTGS Client Payment - IT Services,,2351735790.36,104998417028.72
2024-10-18,RTGS/NEFT Vendor Payment / Payroll / Cloud Hosting,1709932450.91,,103288484577.8
2024-10-21,NEFT/RTGS Client Payment - IT Services,,2402342647.91,105690827225.71
2024-10-21,RTGS/NEFT Vendor Payment / Payroll / Cloud Hosting,1809571424.78,,103881255800.93
2024-10-22,NEFT/RTGS Client Payment - IT Services,,1666767646.5,105548023447.43
2024-10-22,RTGS/NEFT Vendor Payment / Payroll / Cloud Hosting,1633744693.97,,103914278753.46
2024-10-23,NEFT/RTGS Client Payment - IT Services,,1932991026.82,105847269780.28
2024-10-23,RTGS/NEFT Vendor Payment / Payroll / Cloud Hosting,1779172543.44,,104068097236.84
2024-10-24,NEFT/RTGS Client Payment - IT Services,,1844867539.39,105912964776.23
2024-10-24,RTGS/NEFT Vendor Payment / Payroll / Cloud Hosting,1915169501.23,,103997795274.99
2024-10-25,NEFT/RTGS Client Payment - IT Services,,2043163318.94,106040958593.94
2024-10-25,RTGS/NEFT Vendor Payment / Payroll / Cloud Hosting,1296812163.25,,104744146430.69
2024-10-28,NEFT/RTGS Client Payment - IT Services,,2318905964.94,107063052395.63
2024-10-28,RTGS/NEFT Vendor Payment / Payroll / Cloud Hosting,1323753026.2,,105739299369.44
2024-10-29,NEFT/RTGS Client Payment - IT Services,,2131855649.45,107871155018.89
2024-10-29,RTGS/NEFT Vendor Payment / Payroll / Cloud Hosting,1957103602.61,,105914051416.28
2024-10-30,NEFT/RTGS Client Payment - IT Services,,2196909329.56,108110960745.84
2024-10-30,RTGS/NEFT Vendor Payment / Payroll / Cloud Hosting,1383690697.64,,106727270048.2
2024-10-31,NEFT/RTGS Client Payment - IT Services,,2103640282.18,108830910330.38
2024-10-31,RTGS/NEFT Vendor Payment / Payroll / Cloud Hosting,1947429920.94,,106883480409.44
2024-11-01,NEFT/RTGS Client Payment - IT Services,,1711497124.86,108594977534.3
2024-11-01,RTGS/NEFT Vendor Payment / Payroll / Cloud Hosting,1614036744.95,,106980940789.35
2024-11-04,NEFT/RTGS Client Payment - IT Services,,1912519469.96,108893460259.31
2024-11-04,RTGS/NEFT Vendor Payment / Payroll / Cloud Hosting,1981098839.96,,106912361419.35
2024-11-05,NEFT/RTGS Client Payment - IT Services,,2137251429.11,109049612848.46
2024-11-05,RTGS/NEFT Vendor Payment / Payroll / Cloud Hosting,1936782437.36,,107112830411.1
2024-11-06,NEFT/RTGS Client Payment - IT Services,,1939515295.02,109052345706.12
2024-11-06,RTGS/NEFT Vendor Payment / Payroll / Cloud Hosting,1868076447.91,,107184269258.21
2024-11-07,NEFT/RTGS Client Payment - IT Services,,2113342889.37,109297612147.58
2024-11-07,RTGS/NEFT Vendor Payment / Payroll / Cloud Hosting,1292917547.97,,108004694599.61
2024-11-08,NEFT/RTGS Client Payment - IT Services,,2017301820.99,110021996420.6
2024-11-08,RTGS/NEFT Vendor Payment / Payroll / Cloud Hosting,1868954162.13,,108153042258.47
2024-11-11,NEFT/RTGS Client Payment - IT Services,,1795628912.37,109948671170.84
2024-11-11,RTGS/NEFT Vendor Payment / Payroll / Cloud Hosting,2014661655.58,,107934009515.26
2024-11-12,NEFT/RTGS Client Payment - IT Services,,1992127528.17,109926137043.43
2024-11-12,RTGS/NEFT Vendor Payment / Payroll / Cloud Hosting,1558641607.49,,108367495435.94
2024-11-13,NEFT/RTGS Client Payment - IT Services,,2169707773.25,110537203209.19
2024-11-13,RTGS/NEFT Vendor Payment / Payroll / Cloud Hosting,1552005523.59,,108985197685.6
2024-11-14,NEFT/RTGS Client Payment - IT Services,,1724487227.97,110709684913.57
2024-11-14,RTGS/NEFT Vendor Payment / Payroll / Cloud Hosting,1788119049.29,,108921565864.28
2024-11-15,NEFT/RTGS Client Payment - IT Services,,2070827947.68,110992393811.96
2024-11-15,RTGS/NEFT Vendor Payment / Payroll / Cloud Hosting,1530121151.23,,109462272660.73
2024-11-18,NEFT/RTGS Client Payment - IT Services,,1817462948.48,111279735609.22
2024-11-18,RTGS/NEFT Vendor Payment / Payroll / Cloud Hosting,1642734356.81,,109637001252.41
2024-11-19,NEFT/RTGS Client Payment - IT Services,,1606265960.17,111243267212.57
2024-11-19,RTGS/NEFT Vendor Payment / Payroll / Cloud Hosting,1425965914.21,,109817301298.37
2024-11-20,NEFT/RTGS Client Payment - IT Services,,1731481916.91,111548783215.27
2024-11-20,RTGS/NEFT Vendor Payment / Payroll / Cloud Hosting,1397936165.99,,110150847049.29
2024-11-21,NEFT/RTGS Client Payment - IT Services,,1751310119.23,111902157168.52
2024-11-21,RTGS/NEFT Vendor Payment / Payroll / Cloud Hosting,1651624776.51,,110250532392.01
2024-11-22,NEFT/RTGS Client Payment - IT Services,,2049787294.56,112300319686.57
2024-11-22,RTGS/NEFT Vendor Payment / Payroll / Cloud Hosting,1586371550.79,,110713948135.78
2024-11-25,NEFT/RTGS Client Payment - IT Services,,2021449673.98,112735397809.77
2024-11-25,RTGS/NEFT Vendor Payment / Payroll / Cloud Hosting,1738856229.06,,110996541580.71
2024-11-26,NEFT/RTGS Client Payment - IT Services,,1641266582.59,112637808163.29
2024-11-26,RTGS/NEFT Vendor Payment / Payroll / Cloud Hosting,1342071265.43,,111295736897.87
2024-11-27,NEFT/RTGS Client Payment - IT Services,,2109769478.53,113405506376.39
2024-11-27,RTGS/NEFT Vendor Payment / Payroll / Cloud Hosting,1359551616.64,,112045954759.75
2024-11-28,NEFT/RTGS Client Payment - IT Services,,2167773904.67,114213728664.43
2024-11-28,RTGS/NEFT Vendor Payment / Payroll / Cloud Hosting,1690341199.48,,112523387464.94
2024-11-29,NEFT/RTGS Client Payment - IT Services,,2116364401.63,114639751866.57
2024-11-29,RTGS/NEFT Vendor Payment / Payroll / Cloud Hosting,1893833655.32,,112745918211.25
2024-12-02,NEFT/RTGS Client Payment - IT Services,,1999406257.74,114745324469.0
2024-12-02,RTGS/NEFT Vendor Payment / Payroll / Cloud Hosting,1714922044.55,,113030402424.44
2024-12-03,NEFT/RTGS Client Payment - IT Services,,2000710677.05,115031113101.49
2024-12-03,RTGS/NEFT Vendor Payment / Payroll / Cloud Hosting,1623927566.37,,113407185535.13
2024-12-04,NEFT/RTGS Client Payment - IT Services,,2003592617.26,115410778152.39
2024-12-04,RTGS/NEFT Vendor Payment / Payroll / Cloud Hosting,1326908679.54,,114083869472.85
2024-12-05,NEFT/RTGS Client Payment - IT Services,,2120991044.86,116204860517.71
2024-12-05,RTGS/NEFT Vendor Payment / Payroll / Cloud Hosting,1885159670.26,,114319700847.45
2024-12-06,NEFT/RTGS Client Payment - IT Services,,1848965115.42,116168665962.87
2024-12-06,RTGS/NEFT Vendor Payment / Payroll / Cloud Hosting,1503957417.31,,114664708545.55
2024-12-09,NEFT/RTGS Client Payment - IT Services,,1832644229.83,116497352775.39
2024-12-09,RTGS/NEFT Vendor Payment / Payroll / Cloud Hosting,1642985748.39,,114854367026.99
2024-12-10,NEFT/RTGS Client Payment - IT Services,,2323430112.58,117177797139.57
2024-12-10,RTGS/NEFT Vendor Payment / Payroll / Cloud Hosting,1655326109.93,,115522471029.64
2024-12-11,NEFT/RTGS Client Payment - IT Services,,2202681162.27,117725152191.91
2024-12-11,RTGS/NEFT Vendor Payment / Payroll / Cloud Hosting,1448070217.4,,116277081974.51
2024-12-12,NEFT/RTGS Client Payment - IT Services,,1733632914.02,118010714888.53
2024-12-12,RTGS/NEFT Vendor Payment / Payroll / Cloud Hosting,1957289979.73,,116053424908.8
2024-12-13,NEFT/RTGS Client Payment - IT Services,,1682447506.57,117735872415.37
2024-12-13,RTGS/NEFT Vendor Payment / Payroll / Cloud Hosting,1786960889.08,,115948911526.28
2024-12-16,NEFT/RTGS Client Payment - IT Services,,1795180062.34,117744091588.62
2024-12-16,RTGS/NEFT Vendor Payment / Payroll / Cloud Hosting,1427145146.27,,116316946442.35
2024-12-17,NEFT/RTGS Client Payment - IT Services,,1675566259.47,117992512701.81
2024-12-17,RTGS/NEFT Vendor Payment / Payroll / Cloud Hosting,1882179362.78,,116110333339.03
2024-12-18,NEFT/RTGS Client Payment - IT Services,,2360904264.73,118471237603.76
2024-12-18,RTGS/NEFT Vendor Payment / Payroll / Cloud Hosting,1358892442.76,,117112345161.0
2024-12-19,NEFT/RTGS Client Payment - IT Services,,2086323376.85,119198668537.85
2024-12-19,RTGS/NEFT Vendor Payment / Payroll / Cloud Hosting,1698260246.79,,117500408291.06
2024-12-20,NEFT/RTGS Client Payment - IT Services,,2364369163.81,119864777454.87
2024-12-20,RTGS/NEFT Vendor Payment / Payroll / Cloud Hosting,1710031072.08,,118154746382.78
2024-12-23,NEFT/RTGS Client Payment - IT Services,,1715305819.44,119870052202.22
2024-12-23,RTGS/NEFT Vendor Payment / Payroll / Cloud Hosting,1407250497.87,,118462801704.35
2024-12-24,NEFT/RTGS Client Payment - IT Services,,1987100884.08,120449902588.43
2024-12-24,RTGS/NEFT Vendor Payment / Payroll / Cloud Hosting,1495266306.57,,118954636281.87
2024-12-25,NEFT/RTGS Client Payment - IT Services,,1991665273.49,120946301555.35
2024-12-25,RTGS/NEFT Vendor Payment / Payroll / Cloud Hosting,1470056860.32,,119476244695.04
2024-12-26,NEFT/RTGS Client Payment - IT Services,,2221927259.8,121698171954.84
2024-12-26,RTGS/NEFT Vendor Payment / Payroll / Cloud Hosting,1466055812.7,,120232116142.14
2024-12-27,NEFT/RTGS Client Payment - IT Services,,2247218320.41,122479334462.54
2024-12-27,RTGS/NEFT Vendor Payment / Payroll / Cloud Hosting,1899127772.0,,120580206690.54
2024-12-30,NEFT/RTGS Client Payment - IT Services,,1720068539.48,122300275230.02
2024-12-30,RTGS/NEFT Vendor Payment / Payroll / Cloud Hosting,1576220866.65,,120724054363.37
2024-12-31,NEFT/RTGS Client Payment - IT Services,,2177891020.05,122901945383.42
2024-12-31,RTGS/NEFT Vendor Payment / Payroll / Cloud Hosting,1298071545.78,,121603873837.64
2025-01-01,NEFT/RTGS Client Payment - IT Services,,2038082350.28,123641956187.92
2025-01-01,RTGS/NEFT Vendor Payment / Payroll / Cloud Hosting,1556727707.12,,122085228480.79
2025-01-02,NEFT/RTGS Client Payment - IT Services,,2053991705.12,124139220185.92
2025-01-02,RTGS/NEFT Vendor Payment / Payroll / Cloud Hosting,1384486809.02,,122754733376.89
2025-01-03,NEFT/RTGS Client Payment - IT Services,,2324573872.26,125079307249.15
2025-01-03,RTGS/NEFT Vendor Payment / Payroll / Cloud Hosting,1294027786.19,,123785279462.96
2025-01-06,NEFT/RTGS Client Payment - IT Services,,1660042917.77,125445322380.72
2025-01-06,RTGS/NEFT Vendor Payment / Payroll / Cloud Hosting,1817295833.05,,123628026547.68
2025-01-07,NEFT/RTGS Client Payment - IT Services,,2399801303.06,126027827850.74
2025-01-07,RTGS/NEFT Vendor Payment / Payroll / Cloud Hosting,1502740758.87,,124525087091.87
2025-01-08,NEFT/RTGS Client Payment - IT Services,,2064824782.75,126589911874.63
2025-01-08,RTGS/NEFT Vendor Payment / Payroll / Cloud Hosting,1599864147.82,,124990047726.81
2025-01-09,NEFT/RTGS Client Payment - IT Services,,2238311913.49,127228359640.29
2025-01-09,RTGS/NEFT Vendor Payment / Payroll / Cloud Hosting,1918071955.77,,125310287684.52
2025-01-10,NEFT/RTGS Client Payment - IT Services,,2265439963.97,127575727648.49
2025-01-10,RTGS/NEFT Vendor Payment / Payroll / Cloud Hosting,1475282547.85,,126100445100.64
2025-01-13,NEFT/RTGS Client Payment - IT Services,,2338246897.41,128438691998.05
2025-01-13,RTGS/NEFT Vendor Payment / Payroll / Cloud Hosting,1986046741.18,,126452645256.87
2025-01-14,NEFT/RTGS Client Payment - IT Services,,1739160503.79,128191805760.66
2025-01-14,RTGS/NEFT Vendor Payment / Payroll / Cloud Hosting,1513844213.66,,126677961547.0
2025-01-15,NEFT/RTGS Client Payment - IT Services,,1903733116.74,128581694663.74
2025-01-15,RTGS/NEFT Vendor Payment / Payroll / Cloud Hosting,1963706333.78,,126617988329.96
2025-01-16,NEFT/RTGS Client Payment - IT Services,,1957177722.01,128575166051.97
2025-01-16,RTGS/NEFT Vendor Payment / Payroll / Cloud Hosting,1833177058.92,,126741988993.05
2025-01-17,NEFT/RTGS Client Payment - IT Services,,2090457560.78,128832446553.83
2025-01-17,RTGS/NEFT Vendor Payment / Payroll / Cloud Hosting,1583013434.98,,127249433118.85
2025-01-20,NEFT/RTGS Client Payment - IT Services,,2284198942.93,129533632061.77
2025-01-20,RTGS/NEFT Vendor Payment / Payroll / Cloud Hosting,1445536858.64,,128088095203.13
2025-01-21,NEFT/RTGS Client Payment - IT Services,,2007266535.17,130095361738.3
2025-01-21,RTGS/NEFT Vendor Payment / Payroll / Cloud Hosting,1433214571.41,,128662147166.89
2025-01-22,NEFT/RTGS Client Payment - IT Services,,2251907160.17,130914054327.06
2025-01-22,RTGS/NEFT Vendor Payment / Payroll / Cloud Hosting,1715049526.58,,129199004800.48
2025-01-23,NEFT/RTGS Client Payment - IT Services,,1689524231.7,130888529032.18
2025-01-23,RTGS/NEFT Vendor Payment / Payroll / Cloud Hosting,1699715104.82,,129188813927.36
2025-01-24,NEFT/RTGS Client Payment - IT Services,,2142999952.54,131331813879.91
2025-01-24,RTGS/NEFT Vendor Payment / Payroll / Cloud Hosting,1414290862.49,,129917523017.41
2025-01-27,NEFT/RTGS Client Payment - IT Services,,2220123418.11,132137646435.52
2025-01-27,RTGS/NEFT Vendor Payment / Payroll / Cloud Hosting,1579092438.97,,130558553996.55
2025-01-28,NEFT/RTGS Client Payment - IT Services,,2103335496.98,132661889493.53
2025-01-28,RTGS/NEFT Vendor Payment / Payroll / Cloud Hosting,2015281700.27,,130646607793.26
2025-01-29,NEFT/RTGS Client Payment - IT Services,,2078628029.3,132725235822.56
2025-01-29,RTGS/NEFT Vendor Payment / Payroll / Cloud Hosting,1697075716.76,,131028160105.79
2025-01-30,NEFT/RTGS Client Payment - IT Services,,1920465268.03,132948625373.83
2025-01-30,RTGS/NEFT Vendor Payment / Payroll / Cloud Hosting,1765417224.98,,131183208148.85
2025-01-31,NEFT/RTGS Client Payment - IT Services,,2071375834.18,133254583983.02
2025-01-31,RTGS/NEFT Vendor Payment / Payroll / Cloud Hosting,1931504123.69,,131323079859.34
2025-02-03,NEFT/RTGS Client Payment - IT Services,,2259875119.29,133582954978.62
2025-02-03,RTGS/NEFT Vendor Payment / Payroll / Cloud Hosting,1339848718.1,,132243106260.52
2025-02-04,NEFT/RTGS Client Payment - IT Services,,2303467449.27,134546573709.79
2025-02-04,RTGS/NEFT Vendor Payment / Payroll / Cloud Hosting,2002868415.7,,132543705294.09
2025-02-05,NEFT/RTGS Client Payment - IT Services,,1923751730.98,134467457025.07
2025-02-05,RTGS/NEFT Vendor Payment / Payroll / Cloud Hosting,1925077490.59,,132542379534.47
2025-02-06,NEFT/RTGS Client Payment - IT Services,,1911869057.42,134454248591.89
2025-02-06,RTGS/NEFT Vendor Payment / Payroll / Cloud Hosting,1603383636.64,,132850864955.26
2025-02-07,NEFT/RTGS Client Payment - IT Services,,2145881711.38,134996746666.63
2025-02-07,RTGS/NEFT Vendor Payment / Payroll / Cloud Hosting,1325120737.86,,133671625928.77
2025-02-10,NEFT/RTGS Client Payment - IT Services,,2084902177.29,135756528106.07
2025-02-10,RTGS/NEFT Vendor Payment / Payroll / Cloud Hosting,1316204964.03,,134440323142.04
2025-02-11,NEFT/RTGS Client Payment - IT Services,,2207714409.76,136648037551.8
2025-02-11,RTGS/NEFT Vendor Payment / Payroll / Cloud Hosting,1960664912.91,,134687372638.88
2025-02-12,NEFT/RTGS Client Payment - IT Services,,1820966906.22,136508339545.11
2025-02-12,RTGS/NEFT Vendor Payment / Payroll / Cloud Hosting,1924077491.31,,134584262053.8
2025-02-13,NEFT/RTGS Client Payment - IT Services,,1910550542.62,136494812596.42
2025-02-13,RTGS/NEFT Vendor Payment / Payroll / Cloud Hosting,1341363637.98,,135153448958.44
2025-02-14,NEFT/RTGS Client Payment - IT Services,,2299392091.04,137452841049.48
2025-02-14,RTGS/NEFT Vendor Payment / Payroll / Cloud Hosting,1418121173.91,,136034719875.58
2025-02-17,NEFT/RTGS Client Payment - IT Services,,2111940990.82,138146660866.4
2025-02-17,RTGS/NEFT Vendor Payment / Payroll / Cloud Hosting,1902411913.09,,136244248953.31
2025-02-18,NEFT/RTGS Client Payment - IT Services,,2319575612.87,138563824566.18
2025-02-18,RTGS/NEFT Vendor Payment / Payroll / Cloud Hosting,1761801048.06,,136802023518.12
2025-02-19,NEFT/RTGS Client Payment - IT Services,,2081345866.18,138883369384.29
2025-02-19,RTGS/NEFT Vendor Payment / Payroll / Cloud Hosting,1670561301.29,,137212808083.0
2025-02-20,NEFT/RTGS Client Payment - IT Services,,2398412251.04,139611220334.04
2025-02-20,RTGS/NEFT Vendor Payment / Payroll / Cloud Hosting,1455077357.24,,138156142976.8
2025-02-21,NEFT/RTGS Client Payment - IT Services,,2176431768.91,140332574745.7
2025-02-21,RTGS/NEFT Vendor Payment / Payroll / Cloud Hosting,1834724295.0,,138497850450.71
2025-02-24,NEFT/RTGS Client Payment - IT Services,,1892532754.53,140390383205.23
2025-02-24,RTGS/NEFT Vendor Payment / Payroll / Cloud Hosting,1935880487.12,,138454502718.11
2025-02-25,NEFT/RTGS Client Payment - IT Services,,2173021543.69,140627524261.8
2025-02-25,RTGS/NEFT Vendor Payment / Payroll / Cloud Hosting,1785931893.97,,138841592367.83
2025-02-26,NEFT/RTGS Client Payment - IT Services,,2133060214.98,140974652582.81
2025-02-26,RTGS/NEFT Vendor Payment / Payroll / Cloud Hosting,1384190435.26,,139590462147.55
2025-02-27,NEFT/RTGS Client Payment - IT Services,,2134549695.35,141725011842.9
2025-02-27,RTGS/NEFT Vendor Payment / Payroll / Cloud Hosting,1787408661.93,,139937603180.98
2025-02-28,NEFT/RTGS Client Payment - IT Services,,2170517335.72,142108120516.69
2025-02-28,RTGS/NEFT Vendor Payment / Payroll / Cloud Hosting,1716212878.45,,140391907638.24
2025-03-03,NEFT/RTGS Client Payment - IT Services,,2076352913.65,142468260551.89
2025-03-03,RTGS/NEFT Vendor Payment / Payroll / Cloud Hosting,1737104254.27,,140731156297.62
2025-03-04,NEFT/RTGS Client Payment - IT Services,,1707064789.95,142438221087.57
2025-03-04,RTGS/NEFT Vendor Payment / Payroll / Cloud Hosting,1452779318.62,,140985441768.95
2025-03-05,NEFT/RTGS Client Payment - IT Services,,2123820880.4,143109262649.35
2025-03-05,RTGS/NEFT Vendor Payment / Payroll / Cloud Hosting,1636926987.56,,141472335661.78
2025-03-06,NEFT/RTGS Client Payment - IT Services,,1789328089.7,143261663751.48
2025-03-06,RTGS/NEFT Vendor Payment / Payroll / Cloud Hosting,1372674417.0,,141888989334.49
2025-03-07,NEFT/RTGS Client Payment - IT Services,,1793480102.22,143682469436.71
2025-03-07,RTGS/NEFT Vendor Payment / Payroll / Cloud Hosting,1349415199.86,,142333054236.84
2025-03-10,NEFT/RTGS Client Payment - IT Services,,1745206432.19,144078260669.04
2025-03-10,RTGS/NEFT Vendor Payment / Payroll / Cloud Hosting,1475321724.37,,142602938944.66
2025-03-11,NEFT/RTGS Client Payment - IT Services,,2399749689.09,145002688633.76
2025-03-11,RTGS/NEFT Vendor Payment / Payroll / Cloud Hosting,1497752568.0,,143504936065.76
2025-03-12,NEFT/RTGS Client Payment - IT Services,,2293355984.67,145798292050.42
2025-03-12,RTGS/NEFT Vendor Payment / Payroll / Cloud Hosting,1424821849.34,,144373470201.08
2025-03-13,NEFT/RTGS Client Payment - IT Services,,2142595184.5,146516065385.59
2025-03-13,RTGS/NEFT Vendor Payment / Payroll / Cloud Hosting,1798638293.22,,144717427092.37
2025-03-14,NEFT/RTGS Client Payment - IT Services,,2118418001.92,146835845094.29
2025-03-14,RTGS/NEFT Vendor Payment / Payroll / Cloud Hosting,1686923215.92,,145148921878.37
2025-03-17,NEFT/RTGS Client Payment - IT Services,,1732691391.97,146881613270.34
2025-03-17,RTGS/NEFT Vendor Payment / Payroll / Cloud Hosting,1734606984.8,,145147006285.53
2025-03-18,NEFT/RTGS Client Payment - IT Services,,2367145503.34,147514151788.87
2025-03-18,RTGS/NEFT Vendor Payment / Payroll / Cloud Hosting,1404911003.84,,146109240785.03
2025-03-19,NEFT/RTGS Client Payment - IT Services,,1949104132.83,148058344917.87
2025-03-19,RTGS/NEFT Vendor Payment / Payroll / Cloud Hosting,1320569457.39,,146737775460.47
2025-03-20,NEFT/RTGS Client Payment - IT Services,,2403881048.7,149141656509.17
2025-03-20,RTGS/NEFT Vendor Payment / Payroll / Cloud Hosting,1670616480.77,,147471040028.4
2025-03-21,NEFT/RTGS Client Payment - IT Services,,1786568689.22,149257608717.63
2025-03-21,RTGS/NEFT Vendor Payment / Payroll / Cloud Hosting,1922596362.29,,147335012355.33
2025-03-24,NEFT/RTGS Client Payment - IT Services,,1921446103.59,149256458458.92
2025-03-24,RTGS/NEFT Vendor Payment / Payroll / Cloud Hosting,1338522949.77,,147917935509.15
2025-03-25,NEFT/RTGS Client Payment - IT Services,,2208645691.03,150126581200.18
2025-03-25,RTGS/NEFT Vendor Payment / Payroll / Cloud Hosting,1918295263.26,,148208285936.92
2025-03-26,NEFT/RTGS Client Payment - IT Services,,1698684577.77,149906970514.69
2025-03-26,RTGS/NEFT Vendor Payment / Payroll / Cloud Hosting,2011533449.8,,147895437064.89
2025-03-27,NEFT/RTGS Client Payment - IT Services,,2103089193.44,149998526258.33
2025-03-27,RTGS/NEFT Vendor Payment / Payroll / Cloud Hosting,1869081289.29,,148129444969.04
2025-03-28,NEFT/RTGS Client Payment - IT Services,,2305252173.58,150434697142.62
2025-03-28,RTGS/NEFT Vendor Payment / Payroll / Cloud Hosting,1896758413.56,,148537938729.06
2025-03-31,NEFT/RTGS Client Payment - IT Services,,1871682223.58,150409620952.64
2025-03-31,RTGS/NEFT Vendor Payment / Payroll / Cloud Hosting,1608612131.7,,148801008820.94
